@inproceedings{gasquet2014big,
  title={Big brother logic: Logical modeling and reasoning about agents equipped with surveillance cameras in the plane},
  author={Gasquet, Olivier and Goranko, Valentin and Schwarzentruber, Francois},
  booktitle={Proceedings of the 2014 International Conference on Autonomous Agents and Multi-Agent Systems},
  pages={325--332},
  year={2014},
  organization={International Foundation for Autonomous Agents and Multiagent Systems}
}

@article{schnoebelen2002complexity,
	title={The Complexity of Temporal Logic Model Checking.},
	author={Philippe Schnoebelen},
	journal={Advances in modal logic},
	volume={4},
	number={393-436},
	pages={35},
	year={2002}
}

@book{van2011logical,
	title={Logical dynamics of information and interaction},
	author={Johan Van Benthem},
	year={2011},
	publisher={Cambridge University Press}
}

@inproceedings{DBLP:conf/ijcai/AucherB13,
  author    = {Guillaume Aucher and
               Thomas Bolander},
  title     = {Undecidability in Epistemic Planning},
  booktitle = {{IJCAI} 2013, Proceedings of the 23rd International Joint Conference
               on Artificial Intelligence, Beijing, China, August 3-9, 2013},
  pages     = {27--33},
  year      = {2013},
  url       = {http://www.aaai.org/ocs/index.php/IJCAI/IJCAI13/paper/view/6903},
  timestamp = {Wed, 20 Jul 2016 15:16:56 +0200},
  biburl    = {https://dblp.org/rec/bib/conf/ijcai/AucherB13},
  bibsource = {dblp computer science bibliography, https://dblp.org}
}





@article{DBLP:journals/jancl/BolanderA11,
  author    = {Thomas Bolander and
               Mikkel Birkegaard Andersen},
  title     = {Epistemic planning for single and multi-agent systems},
  journal   = {Journal of Applied Non-Classical Logics},
  volume    = {21},
  number    = {1},
  pages     = {9--34},
  year      = {2011},
  url       = {http://dx.doi.org/10.3166/jancl.21.9-34},
  doi       = {10.3166/jancl.21.9-34},
  timestamp = {Mon, 15 Oct 2012 13:17:50 +0200},
  biburl    = {http://dblp.dagstuhl.de/rec/bib/journals/jancl/BolanderA11},
  bibsource = {dblp computer science bibliography, http://dblp.org}
}




@book{minsky1967computation,
  title={Computation: finite and infinite machines},
  author={Minsky, Marvin L},
  year={1967},
  publisher={Prentice-Hall, Inc.}
}


@article{van2002description,
  title={The description of game actions in Cluedo},
  author={van Ditmarsch, Hans P},
  journal={Game theory and applications},
  volume={8},
  pages={1--28},
  year={2002},
  publisher={Citeseer}
}



@inproceedings{DBLP:conf/ecai/Thielscher16,
  author    = {Michael Thielscher},
  title     = {{GDL-III:} {A} Proposal to Extend the Game Description Language to
               General Epistemic Games},
  booktitle = {{ECAI} 2016 - 22nd European Conference on Artificial Intelligence,
               29 August-2 September 2016, The Hague, The Netherlands - Including
               Prestigious Applications of Artificial Intelligence {(PAIS} 2016)},
  pages     = {1630--1631},
  year      = {2016},
  url       = {http://dx.doi.org/10.3233/978-1-61499-672-9-1630},
  doi       = {10.3233/978-1-61499-672-9-1630},
  timestamp = {Tue, 30 Aug 2016 11:14:30 +0200},
  biburl    = {http://dblp.dagstuhl.de/rec/bib/conf/ecai/Thielscher16},
  bibsource = {dblp computer science bibliography, http://dblp.org}
}













@article{DBLP:journals/ai/HalpernM92,
  author    = {Joseph Y. Halpern and
               Yoram Moses},
  title     = {A Guide to Completeness and Complexity for Modal Logics of Knowledge
               and Belief},
  journal   = {Artif. Intell.},
  volume    = {54},
  number    = {2},
  pages     = {319--379},
  year      = {1992},
  url       = {http://dx.doi.org/10.1016/0004-3702(92)90049-4},
  doi       = {10.1016/0004-3702(92)90049-4},
  timestamp = {Thu, 30 Jun 2011 16:00:37 +0200},
  biburl    = {http://dblp.uni-trier.de/rec/bib/journals/ai/HalpernM92},
  bibsource = {dblp computer science bibliography, http://dblp.org}
}




@inproceedings{DBLP:conf/atal/Lutz06,
  author    = {Carsten Lutz},
  title     = {Complexity and succinctness of public announcement logic},
  booktitle = {5th International Joint Conference on Autonomous Agents and Multiagent
               Systems {(AAMAS} 2006), Hakodate, Japan, May 8-12, 2006},
  pages     = {137--143},
  year      = {2006},
  url       = {http://doi.acm.org/10.1145/1160633.1160657},
  doi       = {10.1145/1160633.1160657},
  timestamp = {Wed, 27 Sep 2006 15:12:21 +0200},
  biburl    = {http://dblp.uni-trier.de/rec/bib/conf/atal/Lutz06},
  bibsource = {dblp computer science bibliography, http://dblp.org}
}






@article{DBLP:journals/corr/BalbianiHST14,
  author    = {Philippe Balbiani and
               Andreas Herzig and
               Fran{\c{c}}ois Schwarzentruber and
               Nicolas Troquard},
  title     = {{DL-PA} and {DCL-PC:} model checking and satisfiability problem are
               indeed in {PSPACE}},
  journal   = {CoRR},
  volume    = {abs/1411.7825},
  year      = {2014},
  url       = {http://arxiv.org/abs/1411.7825},
  timestamp = {Mon, 01 Dec 2014 14:32:13 +0100},
  biburl    = {http://dblp.uni-trier.de/rec/bib/journals/corr/BalbianiHST14},
  bibsource = {dblp computer science bibliography, http://dblp.org}
}



@inproceedings{DBLP:conf/stoc/Cook71,
  author    = {Stephen A. Cook},
  title     = {The Complexity of Theorem-Proving Procedures},
  booktitle = {Proceedings of the 3rd Annual {ACM} Symposium on Theory of Computing,
               May 3-5, 1971, Shaker Heights, Ohio, {USA}},
  pages     = {151--158},
  year      = {1971},
  url       = {http://doi.acm.org/10.1145/800157.805047},
  doi       = {10.1145/800157.805047},
  timestamp = {Mon, 17 Oct 2011 17:25:06 +0200},
  biburl    = {http://dblp.uni-trier.de/rec/bib/conf/stoc/Cook71},
  bibsource = {dblp computer science bibliography, http://dblp.org}
}




@article{DBLP:journals/corr/abs-cs-0610093,
  author    = {Hans P. van Ditmarsch and
               Barteld P. Kooi},
  title     = {Semantic results for ontic and epistemic change},
  journal   = {CoRR},
  volume    = {abs/cs/0610093},
  year      = {2006},
  ee        = {http://arxiv.org/abs/cs/0610093},
  bibsource = {DBLP, http://dblp.uni-trier.de}
}


@article{DBLP:journals/jancl/DitmarschHL12,
  author    = {Hans P. van Ditmarsch and
               Andreas Herzig and
               Tiago De Lima},
  title     = {Public announcements, public assignments and the complexity
               of their logic},
  journal   = {Journal of Applied Non-Classical Logics},
  volume    = {22},
  number    = {3},
  year      = {2012},
  pages     = {249-273},
  ee        = {http://dx.doi.org/10.1080/11663081.2012.705964},
  bibsource = {DBLP, http://dblp.uni-trier.de}
}



@inproceedings{chandra1976alternation,
  author    = {Ashok K. Chandra and
               Larry J. Stockmeyer},
  title     = {Alternation},
  booktitle = {Proc. of FOCS'76},
  year      = {1976},
  pages     = {98-108},
}

@inproceedings{PAL-Lutz,
 author = {Lutz, Carsten},
 title = {Complexity and succinctness of public announcement logic},
 booktitle = {Proc. of AAMAS'06},
 year = {2006},
 location = {Hakodate, Japan},
 pages = {137--143},
 publisher = {ACM}
 } 

 @book{sipser2006introduction,
  title={Introduction to the Theory of Computation},
  author={Sipser, Michael},
  volume={2},
  year={2006},
  publisher={Thomson Course Technology Boston}
}



@inproceedings{canny1988some,
  title={Some algebraic and geometric computations in {PSPACE}},
  author={Canny, John},
  booktitle={Proceedings of STOC'88},
  pages={460--467},
  year={1988},
  organization={ACM}
}


@book{tarski1951decision,
  title={A decision method for elementary algebra and geometry},
  author={Tarski, Alfred},
  year={1951},
  publisher={Springer}
}


@article{ben1986complexity,
  title={The complexity of elementary algebra and geometry},
  author={Ben-Or, Michael and Kozen, Dexter and Reif, John},
  journal={Journal of Computer and System Sciences},
  volume={32},
  number={2},
  pages={251--264},
  year={1986},
  publisher={Elsevier}
}



@article{balbiani2013agents,
  title={Agents that look at one another},
  author={Balbiani, Philippe and Gasquet, Olivier and Schwarzentruber, Fran{\c{c}}ois},
  journal={Logic Journal of IGPL},
  volume={21},
  number={3},
  pages={438--467},
  year={2013},
  publisher={Oxford Univ Press}
}



@incollection{schwarzentruber2011seeing,
  title={Seeing, knowledge and common knowledge},
  author={Schwarzentruber, Fran{\c{c}}ois},
  booktitle={Logic, Rationality, and Interaction},
  pages={258--271},
  year={2011},
  publisher={Springer}
}



@article{DBLP:journals/ijgt/Aumann99,
  author    = {Robert J. Aumann},
  title     = {Interactive epistemology {I:} Knowledge},
  journal   = {Int. J. Game Theory},
  volume    = {28},
  number    = {3},
  pages     = {263--300},
  year      = {1999},
  url       = {http://dx.doi.org/10.1007/s001820050111},
  doi       = {10.1007/s001820050111},
  timestamp = {Wed, 30 May 2012 12:14:26 +0200},
  biburl    = {http://dblp2.uni-trier.de/rec/bib/journals/ijgt/Aumann99},
  bibsource = {dblp computer science bibliography, http://dblp.org}
}


@inproceedings{DBLP:conf/gamesem/KennerlyWZ09,
  author    = {Ethan Kennerly and
               Andreas Witzel and
               Jonathan A. Zvesper},
  title     = {Thief belief},
  booktitle = {2009 International {IEEE} Consumer Electronics Society's Games Innovations
               Conference, {ICE-GIC} 2009, London, UK, August 25-28, 2009},
  pages     = {169--172},
  year      = {2009},
  url       = {http://dx.doi.org/10.1109/ICEGIC.2009.5293592},
  doi       = {10.1109/ICEGIC.2009.5293592},
  timestamp = {Thu, 21 Jan 2016 15:25:28 +0100},
  biburl    = {http://dblp.uni-trier.de/rec/bib/conf/gamesem/KennerlyWZ09},
  bibsource = {dblp computer science bibliography, http://dblp.org}
}



@inproceedings{DBLP:conf/aiide/WitzelZK08,
  author    = {Andreas Witzel and
               Jonathan A. Zvesper and
               Ethan Kennerly},
  title     = {Explicit Knowledge Programming for Computer Games},
  booktitle = {Proceedings of the Fourth Artificial Intelligence and Interactive
               Digital Entertainment Conference, October 22-24, 2008, Stanford, California,
               {USA}},
  year      = {2008},
  url       = {http://www.aaai.org/Library/AIIDE/2008/aiide08-023.php},
  timestamp = {Wed, 12 Dec 2012 16:45:08 +0100},
  biburl    = {http://dblp.uni-trier.de/rec/bib/conf/aiide/WitzelZK08},
  bibsource = {dblp computer science bibliography, http://dblp.org}
}







@book{Fagin95knowledge,
  author =      {R. Fagin and J.Y. Halpern and Y.  Moses
                  and M.Y. Vardi},
  title =       {Reasoning about Knowledge},
  publisher =   {MIT Press},
  year =        {1995},
}

@Book{DitmarschvdHoekKooi,
  author =	 {Hans {van Ditmarsch} and Wiebe {van der Hoek} and Barteld {Kooi}},
  title = 	 {Dynamic Epistemic Logic},
  publisher = 	 {Springer},
  address = {Dordecht},
  year = 	 2008,
}


@article{Hoek02epistemic,
  author =      {W. van~der~Hoek and R. Verbrugge},
  title =       {Epistemic Logic: A Survey},
  journal =     {Game Theory and Applications},
  volume =      {8},
  editor =      {L.A. Petrosjan and V.V. Mazalov},
  pages =       {53--94},
  publisher =   {Nova Science Publishers : New York},
  year =        {2002},
}


@book{HarelKozenTjurin2000,
author = "David Harel and Dexter Kozen and Jerzy Tiuryn",
title = "Dynamic Logic",
publisher = "MIT Press",
year = "2000",
}


@article{GarciaCM05,
  author    = {Jes{\'u}s Garc\'{\i}a and
               Javier Carb{\'o} and
               Jos{\'e} M. Molina},
  title     = {Agent-based Coordination of Cameras},
  journal   = {Intern. Journal of Computer Science \& Applications},
  volume    = {2},
  number    = {1},
  year      = {2005},
  pages     = {33-37},
}


@inproceedings{BustamanteMP10,
  author    = {Alvaro Luis Bustamante and
               Jos{\'e} M. Molina and
               Miguel A. Patricio},
  title     = {Multi-camera and Multi-modal Sensor Fusion, an Architecture
               Overview},
  booktitle = {Proc. of DCAI'2010},
  year      = {2010},
  pages     = {301-308},
}

@article{JAAMAS2015BBL,
year={2015},
issn={1387-2532},
journal={Autonomous Agents and Multi-Agent Systems},
doi={10.1007/s10458-015-9306-4},
title={Big Brother Logic: visual-epistemic reasoning in stationary multi-agent systems},
url={http://dx.doi.org/10.1007/s10458-015-9306-4},
publisher={Springer US},
keywords={Visual-epistemic logical reasoning; Multi-agent systems; Surveillance cameras; Observational abilities; Knowledge; Model checking; Satisfiability testing},
author={Olivier Gasquet  and Valentin Goranko and François Schwarzentruber},
pages={1-33},
language={English}
}

@BOOK{BRV,
  title = {Modal Logic},
  publisher = {Cambridge University Press},
  year = {2001},
  author = {Blackburn, P. and de Rijke, M. and Venema, Y.},
}

@article{FischerLadner79,
  author    = {M. J. Fischer and R. E. Ladner},
  title     = {Propositional Dynamic Logic of Regular Programs},
  journal   = {Journal of Computer and System Sciences},
  volume    = {18},
  number    = {2},
  year      = {1979},
  pages     = {194--211},
}

@TechReport{technicalreport,
author = {Olivier Gasquet and Valentin Goranko and François Scharzentruber},
title = {Big Brother Logic: Logical modeling and reasoning about agents equipped with surveillance cameras in the plane (Long Version)},
institution = {IRIT/RT--2014-01--FR},
note="\url{http://www.irit.fr/publis/LILAC/Reports/2014-GasquetGorankoSchwarzentruber.pdf}",
year = {2014},
}








@inproceedings{DBLP:conf/lics/BalbianiHT13,
  author    = {Philippe Balbiani and
               Andreas Herzig and
               Nicolas Troquard},
  title     = {Dynamic Logic of Propositional Assignments: A Well-Behaved
               Variant of PDL},
  booktitle = {LICS},
  year      = {2013},
  pages     = {143-152},
  ee        = {http://doi.ieeecomputersociety.org/10.1109/LICS.2013.20},
  crossref  = {DBLP:conf/lics/2013},
  bibsource = {DBLP, http://dblp.uni-trier.de}
}

@proceedings{DBLP:conf/lics/2013,
  title     = {28th Annual ACM/IEEE Symposium on Logic in Computer Science,
               LICS 2013, New Orleans, LA, USA, June 25-28, 2013},
  booktitle = {LICS},
  publisher = {IEEE Computer Society},
  year      = {2013},
  isbn      = {978-1-4799-0413-6},
  ee        = {http://ieeexplore.ieee.org/xpl/mostRecentIssue.jsp?punumber=6570844},
  bibsource = {DBLP, http://dblp.uni-trier.de}
}



@inproceedings{DBLP:conf/aiml/FrenchD08,
  author    = {Tim French and
               Hans P. van Ditmarsch},
  title     = {Undecidability for arbitrary public announcement logic},
  booktitle = {Advances in Modal Logic},
  year      = {2008},
  pages     = {23-42},
  ee        = {http://www.aiml.net/volumes/volume7/French-vanDitmarsch.pdf},
  crossref  = {DBLP:conf/aiml/2008},
  bibsource = {DBLP, http://dblp.uni-trier.de}
}

@proceedings{DBLP:conf/aiml/2008,
  editor    = {Carlos Areces and
               Robert Goldblatt},
  title     = {Advances in Modal Logic 7, papers from the seventh conference
               on "Advances in Modal Logic," held in Nancy, France, 9-12
               September 2008},
  booktitle = {Advances in Modal Logic},
  publisher = {College Publications},
  year      = {2008},
  isbn      = {978-1-904987-68-0},
  bibsource = {DBLP, http://dblp.uni-trier.de}
}



@inproceedings{DBLP:conf/tark/BalbianiBDHHL07,
  author    = {Philippe Balbiani and
               Alexandru Baltag and
               Hans P. van Ditmarsch and
               Andreas Herzig and
               T. Hoshi and
               Tiago De Lima},
  title     = {What can we achieve by arbitrary announcements?: A dynamic
               take on Fitch's knowability},
  booktitle = {TARK},
  year      = {2007},
  pages     = {42-51},
  ee        = {http://doi.acm.org/10.1145/1324249.1324259},
  crossref  = {DBLP:conf/tark/2007},
  bibsource = {DBLP, http://dblp.uni-trier.de}
}

@proceedings{DBLP:conf/tark/2007,
  editor    = {Dov Samet},
  title     = {Proceedings of the 11th Conference on Theoretical Aspects
               of Rationality and Knowledge (TARK-2007), Brussels, Belgium,
               June 25-27, 2007},
  booktitle = {TARK},
  year      = {2007},
  bibsource = {DBLP, http://dblp.uni-trier.de}
}



@inproceedings{DBLP:conf/tark/Hintikka86,
  author    = {Jaakko Hintikka},
  title     = {Reasoning About Knowledge in Philosophy: The Paradigm of Epistemic
               Logic},
  booktitle = {Proceedings of the 1st Conference on Theoretical Aspects of Reasoning
               about Knowledge, Monterey, CA, March 1986},
  pages     = {63--80},
  year      = {1986},
  crossref  = {DBLP:conf/tark/1986},
  timestamp = {Tue, 05 Mar 2002 15:50:56 +0100},
  biburl    = {http://dblp.uni-trier.de/rec/bib/conf/tark/Hintikka86},
  bibsource = {dblp computer science bibliography, http://dblp.org}
}



@inproceedings{DBLP:conf/jelia/BozzelliDP12,
  author    = {Laura Bozzelli and
               Hans P. van Ditmarsch and
               Sophie Pinchinat},
  title     = {The Complexity of One-Agent Refinement Modal Logic},
  booktitle = {JELIA},
  year      = {2012},
  pages     = {120-133},
  ee        = {http://dx.doi.org/10.1007/978-3-642-33353-8_10},
  crossref  = {DBLP:conf/jelia/2012},
  bibsource = {DBLP, http://dblp.uni-trier.de}
}

@proceedings{DBLP:conf/jelia/2012,
  editor    = {Luis Fari{\~n}as del Cerro and
               Andreas Herzig and
               J{\'e}r{\^o}me Mengin},
  title     = {Logics in Artificial Intelligence - 13th European Conference,
               JELIA 2012, Toulouse, France, September 26-28, 2012. Proceedings},
  booktitle = {JELIA},
  publisher = {Springer},
  series    = {Lecture Notes in Computer Science},
  volume    = {7519},
  year      = {2012},
  isbn      = {978-3-642-33352-1},
  ee        = {http://dx.doi.org/10.1007/978-3-642-33353-8},
  bibsource = {DBLP, http://dblp.uni-trier.de}
}








@inproceedings{DBLP:conf/ijcai/BozzelliDP13,
  author    = {Laura Bozzelli and
               Hans P. van Ditmarsch and
               Sophie Pinchinat},
  title     = {The Complexity of One-Agent Refinement Modal Logic},
  booktitle = {IJCAI},
  year      = {2013},
  ee        = {http://www.aaai.org/ocs/index.php/IJCAI/IJCAI13/paper/view/6811},
  crossref  = {DBLP:conf/ijcai/2013},
  bibsource = {DBLP, http://dblp.uni-trier.de}
}

@proceedings{DBLP:conf/ijcai/2013,
  editor    = {Francesca Rossi},
  title     = {IJCAI 2013, Proceedings of the 23rd International Joint
               Conference on Artificial Intelligence, Beijing, China, August
               3-9, 2013},
  booktitle = {IJCAI},
  publisher = {IJCAI/AAAI},
  year      = {2013},
  isbn      = {978-1-57735-633-2},
  bibsource = {DBLP, http://dblp.uni-trier.de}
}









@incollection{DBLP:books/el/leeuwen90/Johnson90,
  author    = {David S. Johnson},
  title     = {A Catalog of Complexity Classes},
  booktitle = {Handbook of Theoretical Computer Science, Volume A: Algorithms
               and Complexity (A)},
  year      = {1990},
  pages     = {67-161},
  bibsource = {DBLP, http://dblp.uni-trier.de},
  publisher = {Elsevier}
}









@inproceedings{agotnes2014undecidability,
  title={The undecidability of group announcements},
  author={Agotnes, Thomas and van Ditmarsch, Hans and French, Tim},
  booktitle={Proceedings of the 2014 international conference on Autonomous agents and multi-agent systems},
  pages={893--900},
  year={2014},
  organization={International Foundation for Autonomous Agents and Multiagent Systems}
}


@article{van2006semantic,
  title={Semantic Results for Ontic and Epistemic Change},
  author={van Ditmarsch, Hans and Kooi, Barteld},
  journal={Logic and the Foundations of Game and Decision Theory (LOFT 7)},
  year={2006},
  pages={87}
}




@article{kripke1963semantical,
  title={Semantical analysis of modal logic i normal modal propositional calculi},
  author={Kripke, Saul A},
  journal={Mathematical Logic Quarterly},
  volume={9},
  number={5-6},
  pages={67--96},
  year={1963},
  publisher={Wiley Online Library}
}




@inproceedings{baltag1998logic,
  title={The logic of public announcements, common knowledge, and private suspicions},
  author={Baltag, Alexandru and Moss, Lawrence S and Solecki, Slawomir},
  booktitle={Proceedings of the 7th conference on Theoretical aspects of rationality and knowledge},
  pages={43--56},
  year={1998},
  organization={Morgan Kaufmann Publishers Inc.}
}






@article{DBLP:journals/jcss/FischerL79,
  author    = {Michael J. Fischer and
               Richard E. Ladner},
  title     = {Propositional Dynamic Logic of Regular Programs},
  journal   = {J. Comput. Syst. Sci.},
  volume    = {18},
  number    = {2},
  year      = {1979},
  pages     = {194-211},
  ee        = {http://dx.doi.org/10.1016/0022-0000(79)90046-1},
  bibsource = {DBLP, http://dblp.uni-trier.de}
}
	


@article{DBLP:journals/sLogica/Ditmarsch03,
  author    = {Hans P. van Ditmarsch},
  title     = {The Russian Cards Problem},
  journal   = {Studia Logica},
  volume    = {75},
  number    = {1},
  year      = {2003},
  pages     = {31-62},
  ee        = {http://dx.doi.org/10.1023/A:1026168632319},
  bibsource = {DBLP, http://dblp.uni-trier.de}
}



@article{DBLP:journals/synthese/Plaza07,
  author    = {Jan Plaza},
  title     = {Logics of public communications},
  journal   = {Synthese},
  volume    = {158},
  number    = {2},
  pages     = {165--179},
  year      = {2007},
  url       = {http://dx.doi.org/10.1007/s11229-007-9168-7},
  doi       = {10.1007/s11229-007-9168-7},
  timestamp = {Fri, 17 Apr 2009 09:06:47 +0200},
  biburl    = {http://dblp.uni-trier.de/rec/bib/journals/synthese/Plaza07},
  bibsource = {dblp computer science bibliography, http://dblp.org}
}





@article{DBLP:journals/dc/FaginHMV97,
  author    = {Ronald Fagin and
               Joseph Y. Halpern and
               Yoram Moses and
               Moshe Y. Vardi},
  title     = {Knowledge-Based Programs},
  journal   = {Distributed Computing},
  volume    = {10},
  number    = {4},
  pages     = {199--225},
  year      = {1997},
  url       = {http://dx.doi.org/10.1007/s004460050038},
  doi       = {10.1007/s004460050038},
  timestamp = {Tue, 24 May 2011 14:19:47 +0200},
  biburl    = {http://dblp.uni-trier.de/rec/bib/journals/dc/FaginHMV97},
  bibsource = {dblp computer science bibliography, http://dblp.org}
}




@book{harel2000dynamic,
  title={Dynamic logic},
  author={Harel, David and Kozen, Dexter and Tiuryn, Jerzy},
  year={2000},
  publisher={MIT press}
}








@article{DBLP:journals/sLogica/MillerM05,
  author    = {Joseph S. Miller and
               Lawrence S. Moss},
  title     = {The Undecidability of Iterated Modal Relativization},
  journal   = {Studia Logica},
  volume    = {79},
  number    = {3},
  pages     = {373--407},
  year      = {2005},
  url       = {http://dx.doi.org/10.1007/s11225-005-3612-9},
  doi       = {10.1007/s11225-005-3612-9},
  timestamp = {Thu, 12 Jan 2006 15:28:31 +0100},
  biburl    = {http://dblp.uni-trier.de/rec/bib/journals/sLogica/MillerM05},
  bibsource = {dblp computer science bibliography, http://dblp.org}
}






@inproceedings{DBLP:conf/atal/AgotnesDF14,
  author    = {Thomas {\AA}gotnes and
               Hans van Ditmarsch and
               Tim French},
  title     = {The undecidability of group announcements},
  booktitle = {International conference on Autonomous Agents and Multi-Agent Systems,
               {AAMAS} '14, Paris, France, May 5-9, 2014},
  pages     = {893--900},
  year      = {2014},
  url       = {http://dl.acm.org/citation.cfm?id=2615874},
  timestamp = {Wed, 25 Feb 2015 08:14:58 +0100},
  biburl    = {http://dblp.uni-trier.de/rec/bib/conf/atal/AgotnesDF14},
  bibsource = {dblp computer science bibliography, http://dblp.org}
}





@inproceedings{charrier2016building,
  title={Building epistemic logic from observations and public announcements},
  author={Tristan Charrier and Andreas Herzig and Emiliano Lorini and Francois Schwarzentruber and Faustine Maffre},
  booktitle={International Conference on Principles of Knowledge Representation and Reasoning (KR), CapeTown. AAAI Press},
  year={2016}
}








@inproceedings{DBLP:conf/lori/AgotnesHHW13,
  author    = {Thomas {\AA}gotnes and
               Paul Harrenstein and
               Wiebe van der Hoek and
               Michael Wooldridge},
  title     = {Boolean Games with Epistemic Goals},
  booktitle = {Logic, Rationality, and Interaction - 4th International Workshop,
               {LORI} 2013, Hangzhou, China, October 9-12, 2013, Proceedings},
  pages     = {1--14},
  year      = {2013},
  url       = {http://dx.doi.org/10.1007/978-3-642-40948-6_1},
  doi       = {10.1007/978-3-642-40948-6_1},
  timestamp = {Tue, 15 Oct 2013 14:51:48 +0200},
  biburl    = {http://dblp.uni-trier.de/rec/bib/conf/lori/AgotnesHHW13},
  bibsource = {dblp computer science bibliography, http://dblp.org}
}




@inproceedings{DBLP:conf/atal/HoekTW11,
  author    = {Wiebe van der Hoek and
               Nicolas Troquard and
               Michael Wooldridge},
  title     = {Knowledge and control},
  booktitle = {10th International Conference on Autonomous Agents and Multiagent
               Systems {(AAMAS} 2011), Taipei, Taiwan, May 2-6, 2011, Volume 1-3},
  pages     = {719--726},
  year      = {2011},
  url       = {http://portal.acm.org/citation.cfm?id=2031720&CFID=54178199&CFTOKEN=61392764},
  timestamp = {Fri, 18 Nov 2011 10:23:00 +0100},
  biburl    = {http://dblp.uni-trier.de/rec/bib/conf/atal/HoekTW11},
  bibsource = {dblp computer science bibliography, http://dblp.org}
}




@inproceedings{DBLP:conf/aamas/HoekIW12,
  author    = {Wiebe van der Hoek and
               Petar Iliev and
               Michael Wooldridge},
  title     = {A logic of revelation and concealment},
  booktitle = {International Conference on Autonomous Agents and Multiagent Systems,
               {AAMAS} 2012, Valencia, Spain, June 4-8, 2012 {(3} Volumes)},
  pages     = {1115--1122},
  year      = {2012},
  url       = {http://dl.acm.org/citation.cfm?id=2343856},
  timestamp = {Thu, 19 Mar 2015 17:49:02 +0100},
  biburl    = {http://dblp.uni-trier.de/rec/bib/conf/aamas/HoekIW12},
  bibsource = {dblp computer science bibliography, http://dblp.org}
}


@inproceedings{lori2015herzigfaustine,
	author = {Andreas Herzig and Emiliano Lorini and Faustine Maffre},
	title = {A poor man’s epistemic logic based on propositional
assignment and higher-order observation},
	booktitle = {Logic, Rationality, and Interaction - 6th International Workshop,
               {LORI} 2015},
	year = {2015}

}








@inproceedings{DBLP:conf/lics/BalbianiHT13,
  author    = {Philippe Balbiani and
               Andreas Herzig and
               Nicolas Troquard},
  title     = {Dynamic Logic of Propositional Assignments: {A} Well-Behaved Variant
               of {PDL}},
  booktitle = {28th Annual {ACM/IEEE} Symposium on Logic in Computer Science, {LICS}
               2013, New Orleans, LA, USA, June 25-28, 2013},
  pages     = {143--152},
  year      = {2013},
  url       = {http://dx.doi.org/10.1109/LICS.2013.20},
  doi       = {10.1109/LICS.2013.20},
  timestamp = {Wed, 27 May 2015 19:02:35 +0200},
  biburl    = {http://dblp.dagstuhl.de/rec/bib/conf/lics/BalbianiHT13},
  bibsource = {dblp computer science bibliography, http://dblp.org}
}




@article{DBLP:journals/aim/GeneserethLP05,
  author    = {Michael R. Genesereth and
               Nathaniel Love and
               Barney Pell},
  title     = {General Game Playing: Overview of the {AAAI} Competition},
  journal   = {{AI} Magazine},
  volume    = {26},
  number    = {2},
  pages     = {62--72},
  year      = {2005},
  url       = {http://www.aaai.org/ojs/index.php/aimagazine/article/view/1813},
  timestamp = {Wed, 29 Dec 2010 17:08:53 +0100},
  biburl    = {http://dblp.dagstuhl.de/rec/bib/journals/aim/GeneserethLP05},
  bibsource = {dblp computer science bibliography, http://dblp.org}
}





@inproceedings{DBLP:conf/ijcai/JiangZPZ16,
  author    = {Guifei Jiang and
               Dongmo Zhang and
               Laurent Perrussel and
               Heng Zhang},
  title     = {Epistemic {GDL:} {A} Logic for Representing and Reasoning about Imperfect
               Information Games},
  booktitle = {Proceedings of the Twenty-Fifth International Joint Conference on
               Artificial Intelligence, {IJCAI} 2016, New York, NY, USA, 9-15 July
               2016},
  pages     = {1138--1144},
  year      = {2016},
  crossref  = {DBLP:conf/ijcai/2016},
  url       = {http://www.ijcai.org/Abstract/16/165},
  timestamp = {Fri, 15 Jul 2016 15:58:28 +0200},
  biburl    = {http://dblp.dagstuhl.de/rec/bib/conf/ijcai/JiangZPZ16},
  bibsource = {dblp computer science bibliography, http://dblp.org}
}



@inproceedings{van2007demo,
  title={DEMO—a demo of epistemic modelling},
  author={van Eijck, Jan},
  booktitle={Interactive Logic. Selected Papers from the 7th Augustus de Morgan Workshop, London},
  volume={1},
  pages={303--362},
  year={2007}
}


@inproceedings{DBLP:conf/cogsci/ArslanVTH15,
  author    = {Burcu Arslan and
               Rineke Verbrugge and
               Niels Taatgen and
               Bart Hollebrandse},
  title     = {Teaching Children to Attribute Second-order False Beliefs: {A} Training
               Study with Feedback},
  booktitle = {Proceedings of the 37th Annual Meeting of the Cognitive Science Society,
               CogSci 2015, Pasadena, California, USA, July 22-25, 2015},
  year      = {2015},
  url       = {https://mindmodeling.org/cogsci2015/papers/0029/index.html},
  timestamp = {Fri, 19 Feb 2016 11:17:10 +0100},
  biburl    = {http://dblp.uni-trier.de/rec/bib/conf/cogsci/ArslanVTH15},
  bibsource = {dblp computer science bibliography, http://dblp.org}
}


@inproceedings{DBLP:conf/cav/AlurHMQRT98,
  author    = {Rajeev Alur and
               Thomas A. Henzinger and
               Freddy Y. C. Mang and
               Shaz Qadeer and
               Sriram K. Rajamani and
               Serdar Tasiran},
  title     = {{MOCHA:} Modularity in Model Checking},
  booktitle = {Computer Aided Verification, 10th International Conference, {CAV}
               '98, Vancouver, BC, Canada, June 28 - July 2, 1998, Proceedings},
  pages     = {521--525},
  year      = {1998},
  url       = {http://dx.doi.org/10.1007/BFb0028774},
  doi       = {10.1007/BFb0028774},
  timestamp = {Fri, 25 Sep 2009 10:22:19 +0200},
  biburl    = {http://dblp.uni-trier.de/rec/bib/conf/cav/AlurHMQRT98},
  bibsource = {dblp computer science bibliography, http://dblp.org}
}






@article{DBLP:journals/japll/AgotnesBDS10,
  author    = {Thomas {\AA}gotnes and
               Philippe Balbiani and
               Hans van Ditmarsch and
               Pablo Seban},
  title     = {Group announcement logic},
  journal   = {J. Applied Logic},
  volume    = {8},
  number    = {1},
  pages     = {62--81},
  year      = {2010},
  url       = {http://dx.doi.org/10.1016/j.jal.2008.12.002},
  doi       = {10.1016/j.jal.2008.12.002},
  timestamp = {Wed, 25 Feb 2015 08:15:00 +0100},
  biburl    = {http://dblp.uni-trier.de/rec/bib/journals/japll/AgotnesBDS10},
  bibsource = {dblp computer science bibliography, http://dblp.org}
}




@book{fagin2003reasoning,
  title={Reasoning about knowledge},
  author={Fagin, Ronald and Moses, Yoram and Halpern, Joseph Y and Vardi, Moshe Y},
  year={2003},
  publisher={MIT press}
}









@article{DBLP:journals/logcom/BalbianiDHL10,
  author    = {Philippe Balbiani and
               Hans van Ditmarsch and
               Andreas Herzig and
               Tiago De Lima},
  title     = {Tableaux for Public Announcement Logic},
  journal   = {J. Log. Comput.},
  volume    = {20},
  number    = {1},
  pages     = {55--76},
  year      = {2010},
  url       = {http://dx.doi.org/10.1093/logcom/exn060},
  doi       = {10.1093/logcom/exn060},
  timestamp = {Wed, 25 Feb 2015 08:15:00 +0100},
  biburl    = {http://dblp.uni-trier.de/rec/bib/journals/logcom/BalbianiDHL10},
  bibsource = {dblp computer science bibliography, http://dblp.org}
}









@article{DBLP:journals/synthese/EijckRS12,
  author    = {Jan van Eijck and
               Ji Ruan and
               Tomasz Sadzik},
  title     = {Action emulation},
  journal   = {Synthese},
  volume    = {185},
  number    = {Supplement-1},
  pages     = {131--151},
  year      = {2012},
  url       = {http://dx.doi.org/10.1007/s11229-012-0083-1},
  doi       = {10.1007/s11229-012-0083-1},
  timestamp = {Thu, 16 Apr 2015 19:26:34 +0200},
  biburl    = {http://dblp.uni-trier.de/rec/bib/journals/synthese/EijckRS12},
  bibsource = {dblp computer science bibliography, http://dblp.org}
}









@article{herzig-Jaamas2014,
title={Logics of knowledge and action: critical analysis and challenges},
author={Herzig, Andreas},
journal={Journal of Autonomous Agents and Multi-Agent Systems},
pages= {1-35},
year={2014},
publisher={Springer US},
doi = {10.1007/s10458-014-9267-z},
note = {Online July 2, 2014, doi : 10.1007/s10458-014-9267-z.}
} 



@book{berard1999verification,
  title={V{\'e}rification de logiciels: techniques et outils du model-checking},
  author={Berard, B{\'e}atrice and Schnoebelen, Philippe},
  year={1999},
  publisher={Vuibert}
}




@article{lee1959representation,
  title={Representation of Switching Circuits by Binary-Decision Programs},
  author={Lee, Chang-Yeong},
  journal={Bell System Technical Journal},
  volume={38},
  number={4},
  pages={985--999},
  year={1959},
  publisher={Wiley Online Library}
}




@article{akers1978binary,
  title={Binary decision diagrams},
  author={Akers, Sheldon B.},
  journal={IEEE Transactions on computers},
  volume={100},
  number={6},
  pages={509--516},
  year={1978},
  publisher={IEEE}
}



@article{boute1976binary,
  title={The binary decision machine as programmable controller},
  author={Boute, Raymond T},
  journal={Euromicro Newsletter},
  volume={2},
  number={1},
  pages={16--22},
  year={1976},
  publisher={Elsevier}
}





@inproceedings{DBLP:conf/lori/MaS13,
  author    = {Minghui Ma and
               Katsuhiko Sano},
  title     = {How to Update Neighborhood Models},
  booktitle = {Logic, Rationality, and Interaction - 4th International Workshop,
               {LORI} 2013, Hangzhou, China, October 9-12, 2013, Proceedings},
  pages     = {204--217},
  year      = {2013},
  crossref  = {DBLP:conf/lori/2013},
  url       = {http://dx.doi.org/10.1007/978-3-642-40948-6_16},
  doi       = {10.1007/978-3-642-40948-6_16},
  timestamp = {Tue, 15 Oct 2013 14:51:48 +0200},
  biburl    = {http://dblp.dagstuhl.de/rec/bib/conf/lori/MaS13},
  bibsource = {dblp computer science bibliography, http://dblp.org}
}





@article{DBLP:journals/ai/HoekW05,
  author    = {Wiebe van der Hoek and
               Michael Wooldridge},
  title     = {On the logic of cooperation and propositional control},
  journal   = {Artif. Intell.},
  volume    = {164},
  number    = {1-2},
  pages     = {81--119},
  year      = {2005},
  url       = {http://dx.doi.org/10.1016/j.artint.2005.01.003},
  doi       = {10.1016/j.artint.2005.01.003},
  timestamp = {Fri, 06 May 2005 08:00:35 +0200},
  biburl    = {http://dblp.uni-trier.de/rec/bib/journals/ai/HoekW05},
  bibsource = {dblp computer science bibliography, http://dblp.org}
}






@article{DBLP:journals/jair/GrossiLS15,
  author    = {Davide Grossi and
               Emiliano Lorini and
               Fran{\c{c}}ois Schwarzentruber},
  title     = {The Ceteris Paribus Structure of Logics of Game Forms},
  journal   = {J. Artif. Intell. Res. {(JAIR)}},
  volume    = {53},
  pages     = {91--126},
  year      = {2015},
  url       = {http://dx.doi.org/10.1613/jair.4666},
  doi       = {10.1613/jair.4666},
  timestamp = {Mon, 08 Jun 2015 15:26:43 +0200},
  biburl    = {http://dblp.uni-trier.de/rec/bib/journals/jair/GrossiLS15},
  bibsource = {dblp computer science bibliography, http://dblp.org}
}






@article{lenzen1979epistemologische,
  title={Epistemologische betrachtungen zu [S4, S5]},
  author={Lenzen, Wolfgang},
  journal={Erkenntnis},
  volume={14},
  number={1},
  pages={33--56},
  year={1979},
  publisher={Springer}
}






@article{stalnaker2006logics,
  title={On logics of knowledge and belief},
  author={Stalnaker, Robert},
  journal={Philosophical studies},
  volume={128},
  number={1},
  pages={169--199},
  year={2006},
  publisher={Springer}
}


@article{aucher2015intricateaxiomsasinteractionaxioms,
year={2015},
issn={0039-3215},
journal={Studia Logica},
doi={10.1007/s11225-015-9609-0},
title={Intricate Axioms as Interaction Axioms},
url={http://dx.doi.org/10.1007/s11225-015-9609-0},
publisher={Springer Netherlands},
keywords={Modal logic; Epistemic logic; Interaction axiom; Definability of modalities},
author={Aucher, Guillaume},
pages={1-28},
language={English}
}







@book{kroening2008decision,
  title={Decision procedures: an algorithmic point of view},
  author={Kroening, Daniel and Strichman, Ofer},
  year={2008},
  publisher={Springer Science \& Business Media}
}




@article{AlchourronGardenforsMakinson85,
	author = 	"Alchourr{\'{o}}n, C.E. and G{\"a}rdenfors, P. and Makinson, D.",
	title =		"On The Logic of Theory Change: Partial Meet Functions for Contraction and Revision",
	journal =	"Journal of Symbolic Logic",
	volume =	"50",
	number =	"2",
	pages =		"510-530",
	year =		"1985"
}





@inproceedings{HunterSchwarzentruberDare2015,
  author    = {Aaron Hunter and Fran\c{c}ois Schwarzentruber},
  title     = {Arbitrary Announcements in Propositional Belief Revision},
  booktitle = { 	
DARe-15: International Workshop on Defeasible and Ampliative Reasoning, Buenos Aires, Argentina, July 27, 2015},
  year = {2015}
}







@article{DBLP:journals/logcom/BalbianiDHL10,
  author    = {Philippe Balbiani and
               Hans van Ditmarsch and
               Andreas Herzig and
               Tiago De Lima},
  title     = {Tableaux for Public Announcement Logic},
  journal   = {J. Log. Comput.},
  volume    = {20},
  number    = {1},
  pages     = {55--76},
  year      = {2010},
  url       = {http://dx.doi.org/10.1093/logcom/exn060},
  doi       = {10.1093/logcom/exn060},
  timestamp = {Wed, 25 Feb 2015 08:15:00 +0100},
  biburl    = {http://dblp.uni-trier.de/rec/bib/journals/logcom/BalbianiDHL10},
  bibsource = {dblp computer science bibliography, http://dblp.org}
}




@article{van2007dynamic,
  title={Dynamic logic for belief revision},
  author={Van Benthem, Johan},
  journal={Journal of applied non-classical logics},
  volume={17},
  number={2},
  pages={129--155},
  year={2007},
  publisher={Taylor \& Francis}
}



@inproceedings{baltag2006dynamic,
  title={Dynamic belief revision over multi-agent plausibility models},
  author={Baltag, Alexandru and Smets, Sonja},
  booktitle={Proceedings of LOFT},
  volume={6},
  pages={11--24},
  year={2006}
}


@article{baltag2008qualitative,
  title={A qualitative theory of dynamic interactive belief revision},
  author={Baltag, Alexandru and Smets, Sonja},
  journal={Texts in logic and games},
  volume={3},
  pages={9--58},
  year={2008},
  publisher={Amsterdam University Press}
}




@article{DBLP:journals/apal/DabrowskiMP96,
  author    = {Andrew Dabrowski and
               Lawrence S. Moss and
               Rohit Parikh},
  title     = {Topological Reasoning and the Logic of Knowledge},
  journal   = {Ann. Pure Appl. Logic},
  volume    = {78},
  number    = {1-3},
  pages     = {73--110},
  year      = {1996},
  url       = {http://dx.doi.org/10.1016/0168-0072(95)00016-X},
  doi       = {10.1016/0168-0072(95)00016-X},
  timestamp = {Fri, 01 Jul 2011 13:42:12 +0200},
  biburl    = {http://dblp.uni-trier.de/rec/bib/journals/apal/DabrowskiMP96},
  bibsource = {dblp computer science bibliography, http://dblp.org}
}






@inproceedings{DBLP:conf/icla/BalbianiDK13,
  author    = {Philippe Balbiani and
               Hans van Ditmarsch and
               Andrey Kudinov},
  title     = {Subset Space Logic with Arbitrary Announcements},
  booktitle = {Logic and Its Applications, 5th Indian Conference, {ICLA} 2013, Chennai,
               India, January 10-12, 2013. Proceedings},
  pages     = {233--244},
  year      = {2013},
  url       = {http://dx.doi.org/10.1007/978-3-642-36039-8_21},
  doi       = {10.1007/978-3-642-36039-8_21},
  timestamp = {Wed, 25 Feb 2015 08:14:59 +0100},
  biburl    = {http://dblp.uni-trier.de/rec/bib/conf/icla/BalbianiDK13},
  bibsource = {dblp computer science bibliography, http://dblp.org}
}


@book{van2015one,
  title={One Hundred Prisoners and a Light Bulb},
  author={van Ditmarsch, Hans and Kooi, Barteld},
  year={2015},
  publisher={Springer}
}





@article{DBLP:journals/arobots/Scassellati02,
  author    = {Brian Scassellati},
  title     = {Theory of Mind for a Humanoid Robot},
  journal   = {Auton. Robots},
  volume    = {12},
  number    = {1},
  pages     = {13--24},
  year      = {2002},
  url       = {http://dx.doi.org/10.1023/A:1013298507114},
  doi       = {10.1023/A:1013298507114},
  timestamp = {Thu, 19 May 2011 15:52:10 +0200},
  biburl    = {http://dblp.uni-trier.de/rec/bib/journals/arobots/Scassellati02},
  bibsource = {dblp computer science bibliography, http://dblp.org}
}





@Article{EPFL-ARTICLE-201546,
   author      = {Lemaignan, Séverin and Warnier, Mathieu and Sisbot, Akin
                 E. and Alami, Rachid},
   journal     = {Artificial {I}ntelligence},
   title       = {Human-{R}obot {I}nteraction: {T}ackling the {AI} {C}hallenges},
   unit        = {CHILI},
   year        = 2014
}
@inproceedings{lemaignan2010oro,
  title={ORO, a knowledge management platform for cognitive architectures in robotics},
  author={Lemaignan, S{\'e}verin and Ros, Raquel and Mosenlechner, L and Alami, Rachid and Beetz, Michael},
  booktitle={Intelligent Robots and Systems (IROS), 2010 IEEE/RSJ International Conference on},
  pages={3548--3553},
  year={2010},
  organization={IEEE}
}

@book{papadimitriou2003computational,
  title={Computational complexity},
  author={Papadimitriou, Christos H},
  year={2003},
  publisher={John Wiley and Sons Ltd.}
}

@article{plaza2007logics,
  title={Logics of public communications},
  author={Plaza, Jan},
  journal={Synthese},
  volume={158},
  number={2},
  pages={165--179},
  year={2007},
  publisher={Springer}
}

@article{baron1985does,
  title={Does the autistic child have a “theory of mind”?},
  author={Baron-Cohen, Simon and Leslie, Alan M and Frith, Uta},
  journal={Cognition},
  volume={21},
  number={1},
  pages={37--46},
  year={1985},
  publisher={Elsevier}
}





@article{DBLP:journals/corr/AucherS13,
  author    = {Guillaume Aucher and
               Fran{\c{c}}ois Schwarzentruber},
  title     = {On the Complexity of Dynamic Epistemic Logic},
  journal   = {CoRR},
  year      = {2013},
  volume    = {abs/1310.6406},
  url       = {http://arxiv.org/abs/1310.6406},
  timestamp = {Tue, 23 Sep 2014 13:15:43 +0200},
  biburl    = {http://dblp.uni-trier.de/rec/bib/journals/corr/AucherS13},
  bibsource = {dblp computer science bibliography, http://dblp.org}
}








@inproceedings{DBLP:conf/hri/DevinA16,
  author    = {Sandra Devin and
               Rachid Alami},
  title     = {An Implemented Theory of Mind to Improve Human-Robot Shared Plans
               Execution},
  booktitle = {The Eleventh {ACM/IEEE} International Conference on Human Robot Interation,
               {HRI} 2016, Christchurch, New Zealand, March 7-10, 2016},
  pages     = {319--326},
  year      = {2016},
  url       = {http://dx.doi.org/10.1109/HRI.2016.7451768},
  doi       = {10.1109/HRI.2016.7451768},
  timestamp = {Wed, 20 Apr 2016 10:45:10 +0200},
  biburl    = {http://dblp.uni-trier.de/rec/bib/conf/hri/DevinA16},
  bibsource = {dblp computer science bibliography, http://dblp.org}
}


@inproceedings{DBLP:conf/lori/LowePW11,
  author    = {Benedikt L{\"{o}}we and
               Eric Pacuit and
               Andreas Witzel},
  title     = {{DEL} Planning and Some Tractable Cases},
  booktitle = {Logic, Rationality, and Interaction - Third International Workshop,
               {LORI} 2011, Guangzhou, China, October 10-13, 2011. Proceedings},
  pages     = {179--192},
  year      = {2011},
  url       = {http://dx.doi.org/10.1007/978-3-642-24130-7_13},
  doi       = {10.1007/978-3-642-24130-7_13},
  timestamp = {Wed, 25 Feb 2015 08:15:00 +0100},
  biburl    = {http://dblp.uni-trier.de/rec/bib/conf/lori/LowePW11},
  bibsource = {dblp computer science bibliography, http://dblp.org}
}





@article{DBLP:journals/sLogica/Aucher10,
  author    = {Guillaume Aucher},
  title     = {An Internal Version of Epistemic Logic},
  journal   = {Studia Logica},
  volume    = {94},
  number    = {1},
  pages     = {1--22},
  year      = {2010},
  url       = {http://dx.doi.org/10.1007/s11225-010-9227-9},
  doi       = {10.1007/s11225-010-9227-9},
  timestamp = {Fri, 05 Mar 2010 09:49:11 +0100},
  biburl    = {http://dblp.uni-trier.de/rec/bib/journals/sLogica/Aucher10},
  bibsource = {dblp computer science bibliography, http://dblp.org}
}





@article{wimmer1983beliefs,
  title={Beliefs about beliefs: Representation and constraining function of wrong beliefs in young children's understanding of deception},
  author={Wimmer, Heinz and Perner, Josef},
  journal={Cognition},
  volume={13},
  number={1},
  pages={103--128},
  year={1983},
  publisher={Elsevier}
}




@article{baron1985does,
  title={Does the autistic child have a “theory of mind”?},
  author={Baron-Cohen, Simon and Leslie, Alan M and Frith, Uta},
  journal={Cognition},
  volume={21},
  number={1},
  pages={37--46},
  year={1985},
  publisher={Elsevier}
}



@article{tager2007evaluating,
  title={Evaluating the theory-of-mind hypothesis of autism},
  author={Tager-Flusberg, Helen},
  journal={Current directions in psychological science},
  volume={16},
  number={6},
  pages={311--315},
  year={2007},
  publisher={SAGE Publications Sage CA: Los Angeles, CA}
}


















@unpublished{positivearbitraryannouncementlogic,
    title={Positive announcements (under submission)},
    author={van Ditmarsch, Hans and French, Tim and Hales, James},
  
}




@article{DBLP:journals/iandc/BozzelliDFHP14,
  author    = {Laura Bozzelli and
               Hans van Ditmarsch and
               Tim French and
               James Hales and
               Sophie Pinchinat},
  title     = {Refinement modal logic},
  journal   = {Inf. Comput.},
  volume    = {239},
  pages     = {303--339},
  year      = {2014},
  url       = {http://dx.doi.org/10.1016/j.ic.2014.07.013},
  doi       = {10.1016/j.ic.2014.07.013},
  timestamp = {Tue, 17 Jan 2017 08:03:01 +0100},
  biburl    = {http://dblp.dagstuhl.de/rec/bib/journals/iandc/BozzelliDFHP14},
  bibsource = {dblp computer science bibliography, http://dblp.org}
}








@article{DBLP:journals/corr/DitmarschHK16,
  author    = {Hans van Ditmarsch and
               Wiebe van der Hoek and
               Louwe B. Kuijer},
  title     = {The Undecidability of Arbitrary Arrow Update Logic},
  journal   = {CoRR},
  volume    = {abs/1609.05686},
  year      = {2016},
  url       = {http://arxiv.org/abs/1609.05686},
  timestamp = {Mon, 03 Oct 2016 17:51:10 +0200},
  biburl    = {http://dblp.dagstuhl.de/rec/bib/journals/corr/DitmarschHK16},
  bibsource = {dblp computer science bibliography, http://dblp.org}
}





@article{DBLP:journals/sLogica/AgotnesDF16,
  author    = {Thomas {\AA}gotnes and
               Hans van Ditmarsch and
               Timothy Noel French},
  title     = {The Undecidability of Quantified Announcements},
  journal   = {Studia Logica},
  volume    = {104},
  number    = {4},
  pages     = {597--640},
  year      = {2016},
  url       = {http://dx.doi.org/10.1007/s11225-016-9657-0},
  doi       = {10.1007/s11225-016-9657-0},
  timestamp = {Wed, 18 Jan 2017 07:34:03 +0100},
  biburl    = {http://dblp.dagstuhl.de/rec/bib/journals/sLogica/AgotnesDF16},
  bibsource = {dblp computer science bibliography, http://dblp.org}
}





@inproceedings{DBLP:conf/atal/AgotnesDF14,
  author    = {Thomas {\AA}gotnes and
               Hans van Ditmarsch and
               Tim French},
  title     = {The undecidability of group announcements},
  booktitle = {International conference on Autonomous Agents and Multi-Agent Systems,
               {AAMAS} '14, Paris, France, May 5-9, 2014},
  pages     = {893--900},
  year      = {2014},
  url       = {http://dl.acm.org/citation.cfm?id=2615874},
  timestamp = {Tue, 17 Jan 2017 08:03:01 +0100},
  biburl    = {http://dblp.dagstuhl.de/rec/bib/conf/atal/AgotnesDF14},
  bibsource = {dblp computer science bibliography, http://dblp.org}
}









@inproceedings{DBLP:conf/aiml/FrenchD08,
  author    = {Tim French and
               Hans P. van Ditmarsch},
  title     = {Undecidability for arbitrary public announcement logic},
  booktitle = {Advances in Modal Logic 7, papers from the seventh conference on "Advances
               in Modal Logic," held in Nancy, France, 9-12 September 2008},
  pages     = {23--42},
  year      = {2008},
  crossref  = {DBLP:conf/aiml/2008},
  url       = {http://www.aiml.net/volumes/volume7/French-vanDitmarsch.pdf},
  timestamp = {Tue, 17 Jan 2017 08:03:01 +0100},
  biburl    = {http://dblp.dagstuhl.de/rec/bib/conf/aiml/FrenchD08},
  bibsource = {dblp computer science bibliography, http://dblp.org}
}




@article{hedetniemi,
  author    = {Sandra Mitchell Hedetniemi and
               Stephen T. Hedetniemi and
               Arthur L. Liestman},
  title     = {A survey of gossiping and broadcasting in communication networks},
  journal   = {Networks},
  volume    = {18},
  number    = {4},
  pages     = {319--349},
  year      = {1988},
  doi       = {10.1002/net.3230180406}
}





@inproceedings{DBLP:conf/ecai/CooperHMMR16a,
  author    = {Martin C. Cooper and
               Andreas Herzig and
               Faustine Maffre and
               Fr{\'{e}}d{\'{e}}ric Maris and
               Pierre R{\'{e}}gnier},
  title     = {Simple Epistemic Planning: Generalised Gossiping},
  booktitle = {{ECAI} 2016 - 22nd European Conference on Artificial Intelligence,
               29 August-2 September 2016, The Hague, The Netherlands - Including
               Prestigious Applications of Artificial Intelligence {(PAIS} 2016)},
  pages     = {1563--1564},
  year      = {2016},
  url       = {http://dx.doi.org/10.3233/978-1-61499-672-9-1563},
  doi       = {10.3233/978-1-61499-672-9-1563},
  timestamp = {Tue, 30 Aug 2016 11:14:30 +0200},
  biburl    = {http://dblp.uni-trier.de/rec/bib/conf/ecai/CooperHMMR16a},
  bibsource = {dblp computer science bibliography, http://dblp.org}
}



@inproceedings{DBLP:conf/eumas/HerzigM15,
  author    = {Andreas Herzig and
               Faustine Maffre},
  title     = {How to Share Knowledge by Gossiping},
  booktitle = {Multi-Agent Systems and Agreement Technologies - 13th European Conference,
               {EUMAS} 2015, and Third International Conference, {AT} 2015, Athens,
               Greece, December 17-18, 2015, Revised Selected Papers},
  pages     = {249--263},
  year      = {2015},
  url       = {http://dx.doi.org/10.1007/978-3-319-33509-4_20},
  doi       = {10.1007/978-3-319-33509-4_20},
  timestamp = {Mon, 18 Apr 2016 12:42:48 +0200},
  biburl    = {http://dblp.uni-trier.de/rec/bib/conf/eumas/HerzigM15},
  bibsource = {dblp computer science bibliography, http://dblp.org}
}



@article{DBLP:journals/dc/HalpernF89,
  author    = {Joseph Y. Halpern and
               Ronald Fagin},
  title     = {Modelling Knowledge and Action in Distributed Systems},
  journal   = {Distributed Computing},
  volume    = {3},
  number    = {4},
  pages     = {159--177},
  year      = {1989},
  url       = {http://dx.doi.org/10.1007/BF01784885},
  doi       = {10.1007/BF01784885},
  timestamp = {Tue, 24 May 2011 14:19:40 +0200},
  biburl    = {http://dblp.uni-trier.de/rec/bib/journals/dc/HalpernF89},
  bibsource = {dblp computer science bibliography, http://dblp.org}
}





@inproceedings{DBLP:conf/atal/EijckG15,
  author    = {Jan van Eijck and
               Malvin Gattinger},
  title     = {Elements of Epistemic Crypto Logic},
  booktitle = {Proceedings of the 2015 International Conference on Autonomous Agents
               and Multiagent Systems, {AAMAS} 2015, Istanbul, Turkey, May 4-8, 2015},
  pages     = {1795--1796},
  year      = {2015},
  url       = {http://dl.acm.org/citation.cfm?id=2773441},
  timestamp = {Fri, 15 May 2015 17:42:53 +0200},
  biburl    = {http://dblp.uni-trier.de/rec/bib/conf/atal/EijckG15},
  bibsource = {dblp computer science bibliography, http://dblp.org}
}



@incollection{HORROCKS2007181,
title = "4 Computational modal logic",
editor = "Patrick Blackburn and Johan Van Benthem and Frank Wolter",
series = "Studies in Logic and Practical Reasoning",
publisher = "Elsevier",
volume = "3",
pages = "181 - 245",
year = "2007",
booktitle = "Handbook of Modal Logic",
issn = "1570-2464",
doi = "https://doi.org/10.1016/S1570-2464(07)80007-3",
url = "http://www.sciencedirect.com/science/article/pii/S1570246407800073",
author = "Ian Horrocks and Ullrich Hustadt and Ulrike Sattler and Renate Schmidt"
}

@inproceedings{AAAI2018kbps,
  author    = {Abdallah Saffidine and Fran\c{c}ois Schwarzentruber and Bruno Zanuttini},
  title     = {Knowledge-based policies for qualitative decentralized POMDPs},
  booktitle = {In Sheila McIlraith and Kilian Weinberger, editors, Proc. 32nd AAAI Conference on
Artificial Intelligence (AAAI 2018)},
year = {2018}
}

@inproceedings{DBLP:conf/paams/DitmarschEHSSS12,
  author    = {Hans van Ditmarsch and
               Jan van Eijck and
               Ignacio Hern{\'{a}}ndez{-}Ant{\'{o}}n and
               Floor Sietsma and
               Sunil Simon and
               Fernando Soler{-}Toscano},
  title     = {Modelling Cryptographic Keys in Dynamic Epistemic Logic with {DEMO}},
  booktitle = {Highlights on Practical Applications of Agents and Multi-Agent Systems, {PAAMS} 2012 Special Sessions, Salamanca,
               Spain, 28-30 March, 2012},
  pages     = {155--162},
  year      = {2012},
  url       = {http://dx.doi.org/10.1007/978-3-642-28762-6_19},
  doi       = {10.1007/978-3-642-28762-6_19},
  timestamp = {Mon, 29 Jun 2015 17:51:31 +0200},
  biburl    = {http://dblp.uni-trier.de/rec/bib/conf/paams/DitmarschEHSSS12},
  bibsource = {dblp computer science bibliography, http://dblp.org}
}





@article{DBLP:journals/iandc/BenthemEK06,
  author    = {Johan van Benthem and
               Jan van Eijck and
               Barteld P. Kooi},
  title     = {Logics of communication and change},
  journal   = {Inf. Comput.},
  volume    = {204},
  number    = {11},
  pages     = {1620--1662},
  year      = {2006},
  url       = {http://dx.doi.org/10.1016/j.ic.2006.04.006},
  doi       = {10.1016/j.ic.2006.04.006},
  timestamp = {Tue, 13 Feb 2007 15:24:08 +0100},
  biburl    = {http://dblp.uni-trier.de/rec/bib/journals/iandc/BenthemEK06},
  bibsource = {dblp computer science bibliography, http://dblp.org}
}






@inproceedings{DBLP:conf/lori/BenthemEGS15,
  author    = {Johan van Benthem and
               Jan van Eijck and
               Malvin Gattinger and
               Kaile Su},
  title     = {Symbolic Model Checking for Dynamic Epistemic Logic},
  booktitle = {Logic, Rationality, and Interaction - 5th International Workshop,
               {LORI} 2015 Taipei, Taiwan},
  pages     = {366--378},
  url       = {http://dx.doi.org/10.1007/978-3-662-48561-3_30},
  doi       = {10.1007/978-3-662-48561-3_30},
  timestamp = {Thu, 29 Oct 2015 12:38:16 +0100},
  biburl    = {http://dblp.uni-trier.de/rec/bib/conf/lori/BenthemEGS15},
  bibsource = {dblp computer science bibliography, http://dblp.org},
  year = {2015}
}




@article{knight_maubert_schwarzentruber_2017, title={Reasoning about knowledge and messages in asynchronous multi-agent systems}, DOI={10.1017/S0960129517000214}, journal={Mathematical Structures in Computer Science}, publisher={Cambridge University Press}, author={Knight, Sophia and Maubert, Bastien and Schwarzentruber, François}, year={2017}, pages={1–42}}



@article{barker2007tarski,
  title={Tarski's World: Revised and Expanded},
  author={Barker-Plummer, David and Barwise, Jon and Etchemendy, John},
  year={2007}
}



@inproceedings{DBLP:conf/ijcai/NiveauZ16,
  author    = {Alexandre Niveau and
               Bruno Zanuttini},
  title     = {Efficient Representations for the Modal Logic {S5}},
  booktitle = {Proceedings of the Twenty-Fifth International Joint Conference on
               Artificial Intelligence, {IJCAI} 2016, New York, NY, USA, 9-15 July
               2016},
  pages     = {1223--1229},
  year      = {2016},
  url       = {http://www.ijcai.org/Abstract/16/177},
  timestamp = {Fri, 15 Jul 2016 15:58:28 +0200},
  biburl    = {http://dblp.org/rec/bib/conf/ijcai/NiveauZ16},
  bibsource = {dblp computer science bibliography, http://dblp.org}
}

%2017
@article{DBLP:journals/japll/DitmarschEPRS17,
  author    = {Hans van Ditmarsch and
               Jan van Eijck and
               Pere Pardo and
               Rahim Ramezanian and
               Fran{\c{c}}ois Schwarzentruber},
  title     = {Epistemic protocols for dynamic gossip},
  journal   = {J. Applied Logic},
  volume    = {20},
  pages     = {1--31},
  year      = {2017},
  url       = {http://dx.doi.org/10.1016/j.jal.2016.12.001},
  doi       = {10.1016/j.jal.2016.12.001},
  timestamp = {Tue, 10 Jan 2017 18:59:01 +0100},
  biburl    = {http://dblp.uni-trier.de/rec/bib/journals/japll/DitmarschEPRS17},
  bibsource = {dblp computer science bibliography, http://dblp.org}
}






%2016
@inproceedings{ijcai16:modaldepthepistemicplanning,
  author    = {Tristan Charrier and
               Bastien Maubert and
               Fran{\c{c}}ois Schwarzentruber},
  title     = {On the Impact of Modal Depth in Epistemic Planning},
  booktitle = {Proceedings of the Twenty-Fifth International Joint Conference on
               Artificial Intelligence, {IJCAI} 2016, New York, USA, July
               12-15, 2016},
  pages     = {},
  year      = {2016},
  url       = {},
  timestamp = {}
}



@inproceedings{ijcai16:delpaobooleangames,
  author    = {Andreas Herzig and Emiliano Lorini and Faustine Maffre and 
               Fran{\c{c}}ois Schwarzentruber},
  title     = {Epistemic Boolean Games Based on a Logic of Visibility and Control},
  booktitle = {Proceedings of the Twenty-Fifth International Joint Conference on
               Artificial Intelligence, {IJCAI} 2016, New York, USA, July
               12-15, 2016},
  pages     = {},
  year      = {2016},
  url       = {},
  timestamp = {}
}






@InProceedings{ He2016.1,
author = {Herzig, Andreas and Lorini, Emiliano and Maffre, Faustine and Schwarzentruber, François},
title = "{Epistemic boolean games based on a logic of visibility and control (regular paper)}",
booktitle = "{International Joint Conference on Artificial Intelligence (IJCAI), New York, 09/07/2016-15/07/2016}",
editor = {Kambhampati, Subbarao},
year = {2016},
month = {juillet},
publisher = {AAAI Press},
address = {http://www.aaai.org/Press/press.php},
pages = {},
language = {anglais},
URL = {http://www.irit.fr/~Andreas.Herzig/P/Ijcai16.html}
}



@inproceedings{ijcai16:eulerdiagrams,
  author    = {Fran{\c{c}}ois Schwarzentruber},
  title     = {A Tool for Generating Interactive Euler Diagrams (demo)},
  booktitle = {Proceedings of the Twenty-Fifth International Joint Conference on
               Artificial Intelligence, {IJCAI} 2016, New York, USA, July
               12-15, 2016},
  pages     = {},
  year      = {2016},
  url       = {},
  timestamp = {}
}


@article{DBLP:journals/jolli/BolanderDHLPS16,
  author    = {Thomas Bolander and
               Hans van Ditmarsch and
               Andreas Herzig and
               Emiliano Lorini and
               Pere Pardo and
               Fran{\c{c}}ois Schwarzentruber},
  title     = {Announcements to Attentive Agents},
  journal   = {Journal of Logic, Language and Information},
  volume    = {25},
  number    = {1},
  pages     = {1--35},
  year      = {2016},
  url       = {http://dx.doi.org/10.1007/s10849-015-9234-3},
  doi       = {10.1007/s10849-015-9234-3},
  timestamp = {Wed, 24 Feb 2016 19:19:52 +0100},
  biburl    = {http://dblp.uni-trier.de/rec/bib/journals/jolli/BolanderDHLPS16},
  bibsource = {dblp computer science bibliography, http://dblp.org}
}
@inproceedings{DBLP:conf/lics/BurchCMDH90,
	author    = {Jerry R. Burch and
	Edmund M. Clarke and
	Kenneth L. McMillan and
	David L. Dill and
	L. J. Hwang},
	title     = {Symbolic Model Checking: 10{\^{}}20 States and Beyond},
	booktitle = {Proceedings of the Fifth Annual Symposium on Logic in Computer Science
	{(LICS} '90), Philadelphia, Pennsylvania, USA, June 4-7, 1990},
	pages     = {428--439},
	year      = {1990},
	url       = {https://doi.org/10.1109/LICS.1990.113767},
	doi       = {10.1109/LICS.1990.113767},
	timestamp = {Thu, 25 May 2017 00:42:40 +0200},
	biburl    = {https://dblp.org/rec/bib/conf/lics/BurchCMDH90},
	bibsource = {dblp computer science bibliography, https://dblp.org}
}
@inproceedings{DBLP:conf/tableaux/CharrierPS17,
	author    = {Tristan Charrier and
	Sophie Pinchinat and
	Fran{\c{c}}ois Schwarzentruber},
	title     = {Model Checking Against Arbitrary Public Announcement Logic: {A} First-Order-Logic
	Prover Approach for the Existential Fragment},
	booktitle = {Dynamic Logic. New Trends and Applications - First International Workshop,
	{DALI} 2017, Brasilia, Brazil, September 23-24, 2017, Proceedings},
	pages     = {133--152},
	year      = {2017},
	url       = {https://doi.org/10.1007/978-3-319-73579-5\_9},
	doi       = {10.1007/978-3-319-73579-5\_9},
	timestamp = {Thu, 08 Nov 2018 14:57:20 +0100},
	biburl    = {https://dblp.org/rec/bib/conf/tableaux/CharrierPS17},
	bibsource = {dblp computer science bibliography, https://dblp.org}
}
@inproceedings{DBLP:conf/atal/CharrierS17,
	author    = {Tristan Charrier and
	Fran{\c{c}}ois Schwarzentruber},
	title     = {A Succinct Language for Dynamic Epistemic Logic},
	booktitle = {Proceedings of the 16th Conference on Autonomous Agents and MultiAgent
	Systems, {AAMAS} 2017, S{\~{a}}o Paulo, Brazil, May 8-12, 2017},
	pages     = {123--131},
	year      = {2017},
	url       = {http://dl.acm.org/citation.cfm?id=3091148},
	timestamp = {Wed, 27 Sep 2017 07:24:00 +0200},
	biburl    = {https://dblp.org/rec/bib/conf/atal/CharrierS17},
	bibsource = {dblp computer science bibliography, https://dblp.org}
}
@inproceedings{DBLP:conf/aiml/CharrierS18,
	author    = {Tristan Charrier and
	Fran{\c{c}}ois Schwarzentruber},
	title     = {Complexity of Dynamic Epistemic Logic with Common Knowledge},
	booktitle = {Advances in Modal Logic 12, proceedings of the 12th conference on
	"Advances in Modal Logic," held in Bern, Switzerland, August 27-31,
	2018},
	pages     = {103--122},
	year      = {2018},
	crossref  = {DBLP:conf/aiml/2018},
	url       = {http://www.aiml.net/volumes/volume12/Charrier-Schwarzentruber.pdf},
	timestamp = {Mon, 11 Mar 2019 08:39:55 +0100},
	biburl    = {https://dblp.org/rec/bib/conf/aiml/CharrierS18},
	bibsource = {dblp computer science bibliography, https://dblp.org}
}



@inproceedings{DBLP:conf/kr/CharrierHLMS16,
  author    = {Tristan Charrier and
               Andreas Herzig and
               Emiliano Lorini and
               Faustine Maffre and
               Fran{\c{c}}ois Schwarzentruber},
  title     = {Building Epistemic Logic from Observations and Public Announcements},
  booktitle = {Principles of Knowledge Representation and Reasoning: Proceedings
               of the Fifteenth International Conference, {KR} 2016, Cape Town, South
               Africa, April 25-29, 2016.},
  pages     = {268--277},
  year      = {2016},
  url       = {http://www.aaai.org/ocs/index.php/KR/KR16/paper/view/12899},
  timestamp = {Thu, 21 Apr 2016 20:01:05 +0200},
  biburl    = {http://dblp.uni-trier.de/rec/bib/conf/kr/CharrierHLMS16},
  bibsource = {dblp computer science bibliography, http://dblp.org}
}







%2015
@article{JAAMAS2015BBL,
year={2015},
issn={1387-2532},
journal={Autonomous Agents and Multi-Agent Systems},
doi={10.1007/s10458-015-9306-4},
title={Big Brother Logic: visual-epistemic reasoning in stationary multi-agent systems},
url={http://dx.doi.org/10.1007/s10458-015-9306-4},
publisher={Springer US},
keywords={Visual-epistemic logical reasoning; Multi-agent systems; Surveillance cameras; Observational abilities; Knowledge; Model checking; Satisfiability testing},
author={Olivier Gasquet  and Valentin Goranko and François Schwarzentruber},
pages={1-33},
language={English}
}


@article{schwarzentruber2015drawing,
  title={Drawing Interactive Euler Diagrams from Region Connection Calculus Specifications},
  author={Schwarzentruber, Fran{\c{c}}ois},
  journal={Journal of Logic, Language and Information},
  pages={1--34},
  year={2015},
  publisher={Springer}
}


@inproceedings{DBLP:conf/ictac/KnightMS15,
  author    = {Sophia Knight and
               Bastien Maubert and
               Fran{\c{c}}ois Schwarzentruber},
  title     = {Asynchronous Announcements in a Public Channel},
  booktitle = {Theoretical Aspects of Computing - {ICTAC} 2015 - 12th International
               Colloquium Cali, Colombia, October 29-31, 2015, Proceedings},
  pages     = {272--289},
  year      = {2015},
  url       = {http://dx.doi.org/10.1007/978-3-319-25150-9_17},
  doi       = {10.1007/978-3-319-25150-9_17},
  timestamp = {Thu, 08 Oct 2015 11:31:54 +0200},
  biburl    = {http://dblp.uni-trier.de/rec/bib/conf/ictac/KnightMS15},
  bibsource = {dblp computer science bibliography, http://dblp.org}
}


@inproceedings{DBLP:conf/ijcai/HunterS15,
  author    = {Aaron Hunter and
               Fran{\c{c}}ois Schwarzentruber},
  title     = {Arbitrary Announcements in Propositional Belief Revision},
  booktitle = {Proceedings of the International Workshop on Defeasible and Ampliative
               Reasoning, DARe 2015, co-located with the 24th International Joint
               Conference on Artificial Intelligence {(IJCAI} 2015), Buenos Aires,
               Argentina, July 27, 2015.},
  year      = {2015},
  url       = {http://ceur-ws.org/Vol-1423/DARe-15_4.pdf},
  timestamp = {Fri, 04 Sep 2015 13:22:06 +0200},
  biburl    = {http://dblp.uni-trier.de/rec/bib/conf/ijcai/HunterS15},
  bibsource = {dblp computer science bibliography, http://dblp.org}
}



@book{LegendreSchwarzentruberCompilationAnalyseLexicaleSyntaxique,
  author    = {Romain Legendre and Fran{\c{c}}ois Schwarzentruber},
  title = {Compilation : Analyse lexicale et syntaxique du texte à sa structure en informatique},
  publisher = {Ellipses},
  series = {Reference Sciences},
  year      = {2015}

}


 
 
 
 
@article{JAIRGrossiLoriniSchwarzentruberCeterisParibus,
  author    = {Davide Grossi and Emiliano Lorini and Fran{\c{c}}ois Schwarzentruber},
  title = {The Ceteris Paribus Structure of Logics of Game Forms},
  booktitle = {Journal of Artificial Intelligence Research},
  year      = {2015}

}



@inproceedings{DBLP:conf/jelia/TishkovskySK12,
  author    = {Dmitry Tishkovsky and
               Renate A. Schmidt and
               Mohammad Khodadadi},
  title     = {The Tableau Prover Generator MetTeL2},
  booktitle = {Logics in Artificial Intelligence - 13th European Conference, {JELIA}
               2012, Toulouse, France, September 26-28, 2012. Proceedings},
  pages     = {492--495},
  year      = {2012},
  url       = {https://doi.org/10.1007/978-3-642-33353-8_41},
  doi       = {10.1007/978-3-642-33353-8_41},
  timestamp = {Thu, 25 May 2017 00:42:52 +0200},
  biburl    = {https://dblp.org/rec/bib/conf/jelia/TishkovskySK12},
  bibsource = {dblp computer science bibliography, https://dblp.org}
}


@inproceedings{DBLP:journals/corr/PolRS16,
  author    = {Iris van de Pol and
               Iris van Rooij and
               Jakub Szymanik},
  title     = {Parameterized Complexity Results for a Model of Theory of Mind Based
               on Dynamic Epistemic Logic},
  booktitle = {Proceedings Fifteenth Conference on Theoretical Aspects of Rationality
               and Knowledge, {TARK} 2015, Carnegie Mellon University, Pittsburgh,
               USA, June 4-6, 2015.},
  pages     = {246--263},
  year      = {2015},
  url       = {http://dx.doi.org/10.4204/EPTCS.215.18},
  doi       = {10.4204/EPTCS.215.18},
  timestamp = {Mon, 04 Jul 2016 13:35:50 +0200},
  biburl    = {http://dblp2.uni-trier.de/rec/bib/journals/corr/PolRS16},
  bibsource = {dblp computer science bibliography, http://dblp.org}
}


@inproceedings{DBLP:conf/kr/HalpernV91,
  author    = {Joseph Y. Halpern and
               Moshe Y. Vardi},
  title     = {Model Checking vs. Theorem Proving: {A} Manifesto},
  booktitle = {Proceedings of the 2nd International Conference on Principles of Knowledge
               Representation and Reasoning (KR'91). Cambridge, MA, USA, April 22-25,
               1991.},
  year      = {1991},
  timestamp = {Fri, 18 May 2012 15:03:00 +0200},
  biburl    = {http://dblp.org/rec/bib/conf/kr/HalpernV91},
  bibsource = {dblp computer science bibliography, http://dblp.org}
}





@inproceedings{DBLP:conf/aiml/Schnoebelen02,
  author    = {Philippe Schnoebelen},
  title     = {The Complexity of Temporal Logic Model Checking},
  booktitle = {Advances in Modal Logic 4, papers from the fourth conference on "Advances
               in Modal logic," held in Toulouse (France) in October 2002},
  pages     = {393--436},
  year      = {2002},
  crossref  = {DBLP:conf/aiml/2002},
  timestamp = {Tue, 12 May 2015 17:12:01 +0200},
  biburl    = {http://dblp.uni-trier.de/rec/bib/conf/aiml/Schnoebelen02},
  bibsource = {dblp computer science bibliography, http://dblp.org}
}







@inproceedings{IJCAI2015BolanderJensenSchwarzentruber,
  author    = {Thomas Bolander and
               Martin Holm Jensen and
               Fran{\c{c}}ois Schwarzentruber},
  title     = {Complexity Results in Epistemic Planning},
  booktitle = {Proceedings of the Twenty-Fourth International Joint Conference on
               Artificial Intelligence, {IJCAI} 2015, Buenos Aires, Argentina, July
               25-31, 2015},
  pages     = {2791--2797},
  year      = {2015},
  url       = {http://ijcai.org/papers15/Abstracts/IJCAI15-395.html},
  timestamp = {Mon, 20 Jul 2015 19:12:40 +0200},
  biburl    = {http://dblp.uni-trier.de/rec/bib/conf/ijcai/BolanderJS15},
  bibsource = {dblp computer science bibliography, http://dblp.org}
}


@inproceedings{DBLP:conf/atal/CharrierS15,
  author    = {Tristan Charrier and
               Fran{\c{c}}ois Schwarzentruber},
  title     = {Arbitrary Public Announcement Logic with Mental Programs},
  booktitle = {Proceedings of the 2015 International Conference on Autonomous Agents
               and Multiagent Systems, {AAMAS} 2015, Istanbul, Turkey, May 4-8, 2015},
  pages     = {1471--1479},
  year      = {2015},
  url       = {http://dl.acm.org/citation.cfm?id=2773340},
  timestamp = {Fri, 15 May 2015 17:42:53 +0200},
  biburl    = {http://dblp.uni-trier.de/rec/bib/conf/atal/CharrierS15},
  bibsource = {dblp computer science bibliography, http://dblp.org}
}


@inproceedings{DBLP:conf/icla/MaSSV15,
  author    = {Minghui Ma and
               Katsuhiko Sano and
               Fran{\c{c}}ois Schwarzentruber and
               Fernando R. Vel{\'{a}}zquez{-}Quesada},
  title     = {Tableaux for Non-normal Public Announcement Logic},
  booktitle = {Logic and Its Applications - 6th Indian Conference, {ICLA} 2015, Mumbai,
               India, January 8-10, 2015. Proceedings},
  pages     = {132--145},
  year      = {2015},
  url       = {http://dx.doi.org/10.1007/978-3-662-45824-2_9},
  doi       = {10.1007/978-3-662-45824-2_9},
  timestamp = {Mon, 24 Nov 2014 15:17:43 +0100},
  biburl    = {http://dblp.uni-trier.de/rec/bib/conf/icla/MaSSV15},
  bibsource = {dblp computer science bibliography, http://dblp.org}
}












%2014


@inproceedings{DBLP:conf/atal/GasquetGS14,
  author    = {Olivier Gasquet and
               Valentin Goranko and
               Fran{\c{c}}ois Schwarzentruber},
  title     = {Big brother logic: logical modeling and reasoning about agents equipped
               with surveillance cameras in the plane},
  booktitle = {International conference on Autonomous Agents and Multi-Agent Systems,
               {AAMAS} '14, Paris, France, May 5-9, 2014},
  year      = {2014},
  pages     = {325--332},
  crossref  = {DBLP:conf/atal/2014},
  url       = {http://dl.acm.org/citation.cfm?id=2615786},
  timestamp = {Thu, 02 Oct 2014 15:27:33 +0200},
  biburl    = {http://dblp.uni-trier.de/rec/bib/conf/atal/GasquetGS14},
  bibsource = {dblp computer science bibliography, http://dblp.org},
  abstract = {
We consider multi-agent scenarios where each agent controls a surveillance camera positioned in the plane, with fixed position and angle of view, but rotating freely. The agents can thus observe the surroundings and each other. They can also reason about each other's observation abilities and knowledge derived from these observations. We introduce suitable logical languages for reasoning about such scenarios which involve atomic formulae stating what agents can see, multi-agent epistemic operators for individual, distributed and common knowledge, as well as dynamic operators reflecting the ability of cameras to turn around in order to reach positions satisfying formulae in the language.

We introduce semantics of our basic logic BBL and its extensions on natural geometric models, as well as formal Kripke semantics for them in vision-based finite abstractions of the geometric models. We discuss the expressiveness of our logical languages and provide their translations in PDL style. Using these translations we develop algorithms and obtain complexity results for model checking and satisfiability testing for BBL and its extensions. Notably, we show that even for the extension with common knowledge, model checking remains in PSPACE. Finally, we discuss some further extensions: by adding obstacles, positioning the cameras in 3D or enabling them to change positions.
}
}



@inproceedings{DBLP:conf/atal/CharrierOS14,
  author    = {Tristan Charrier and
               Florent Ouchet and
               Fran{\c{c}}ois Schwarzentruber},
  title     = {Big brother logic: reasoning about agents equipped with surveillance
               cameras in the plane (demonstration)},
  booktitle = {International conference on Autonomous Agents and Multi-Agent Systems,
               {AAMAS} '14, Paris, France, May 5-9, 2014},
  pages     = {1633--1634},
  year      = {2014},
  url       = {http://dl.acm.org/citation.cfm?id=2616099},
  timestamp = {Thu, 25 Sep 2014 09:28:51 +0200},
  biburl    = {http://dblp.uni-trier.de/rec/bib/conf/atal/CharrierOS14},
  bibsource = {dblp computer science bibliography, http://dblp.org},
  abstract = {
We consider multi-agent scenarios where each agent controls a surveillance camera positioned in the plane, with fixed position and angle of view, but rotating freely. The agents can thus observe the surroundings and each other. They can also reason about each other's observation abilities and knowledge derived from these observations.

In this demonstration, cameras are located in the plane. The user can interact with the cameras, check epistemic properties and announce formulas. The camera can also turn in order to satisfy an epistemic property.
}
}








@book{DBLP:books/daglib/0032750,
  author    = {Olivier Gasquet and
               Andreas Herzig and
               Bilal Said and
               Fran{\c{c}}ois Schwarzentruber},
  title     = {Kripke's Worlds - An Introduction to Modal Logics via Tableaux},
  series    = {Studies in Universal Logic},
  year      = {2014},
  publisher = {Birkh{\"{a}}user},
  url       = {http://dx.doi.org/10.1007/978-3-7643-8504-0},
  doi       = {10.1007/978-3-7643-8504-0},
  isbn      = {978-3-7643-8503-3},
  timestamp = {Mon, 22 Sep 2014 18:13:59 +0200},
  biburl    = {http://dblp.uni-trier.de/rec/bib/books/daglib/0032750},
  bibsource = {dblp computer science bibliography, http://dblp.org}
}











@inproceedings{DBLP:conf/ecai/SchwarzentruberS14,
  author    = {Fran{\c{c}}ois Schwarzentruber and
               Caroline Semmling},
  title     = {{STIT} is dangerously undecidable},
  booktitle = {{ECAI} 2014 - 21st European Conference on Artificial Intelligence,
               18-22 August 2014, Prague, Czech Republic - Including Prestigious
               Applications of Intelligent Systems {(PAIS} 2014)},
  year      = {2014},
  pages     = {1093--1094},
  crossref  = {DBLP:conf/ecai/2014},
  url       = {http://dx.doi.org/10.3233/978-1-61499-419-0-1093},
  doi       = {10.3233/978-1-61499-419-0-1093},
  timestamp = {Mon, 22 Sep 2014 18:14:15 +0200},
  biburl    = {http://dblp.uni-trier.de/rec/bib/conf/ecai/SchwarzentruberS14},
  bibsource = {dblp computer science bibliography, http://dblp.org},
  abstract = {STIT is a potential logical framework to capture responsibility, counterfactual emotions and norms, which are main ingredients for specifying behaviors of virtual agents. We identify here a new fragment and its satisfiability problem is NP-complete and in Σ3 when the number of agents is unbounded. We also identify a slightly more expressive fragment which is undecidable.}
}
























@inproceedings{DBLP:conf/foiks/HerzigPS14,
  author    = {Andreas Herzig and
               Pilar {Pozos Parra} and
               Fran{\c{c}}ois Schwarzentruber},
  title     = {Belief Merging in Dynamic Logic of Propositional Assignments},
  booktitle = {Foundations of Information and Knowledge Systems - 8th International
               Symposium, FoIKS 2014, Bordeaux, France, March 3-7, 2014. Proceedings},
  year      = {2014},
  pages     = {381--398},
  crossref  = {DBLP:conf/foiks/2014},
  url       = {http://dx.doi.org/10.1007/978-3-319-04939-7_19},
  doi       = {10.1007/978-3-319-04939-7_19},
  timestamp = {Mon, 22 Sep 2014 18:14:37 +0200},
  biburl    = {http://dblp.uni-trier.de/rec/bib/conf/foiks/HerzigPS14},
  bibsource = {dblp computer science bibliography, http://dblp.org},
  abstract = {We study syntactical merging operations that are defined semantically by means of the Hamming distance between valuations; more precisely, we investigate the Σ-semantics, Gmax-semantics and max-semantics. We work with a logical language containing merging operators as connectives, as opposed to the metalanguage operations of the literature. We capture these merging operators as programs of Dynamic Logic of Propositional Assignments DL-PA. This provides a syntactical characterisation of the three semantically defined merging operators, and a proof system for DL-PA therefore also provides a proof system for these merging operators. We explain how PSPACE membership of the model checking and satisfiability problem of star-free DL-PA can be extended to the variant of DL-PA where symbolic disjunctions that are parametrised by sets (that are not defined as abbreviations, but are proper connectives) are built into the language. As our merging operators can be polynomially embedded into this variant of DL-PA, we obtain that both the model checking and the satisfiability problem of a formula containing possibly nested merging operators is in PSPACE.}
}



























@inproceedings{DBLP:conf/jelia/SchwarzentruberH14,
  author    = {Fran{\c{c}}ois Schwarzentruber and
               Jin{-}Kao Hao},
  title     = {Drawing Euler Diagrams from Region Connection Calculus Specifications
               with Local Search},
  booktitle = {Logics in Artificial Intelligence - 14th European Conference, {JELIA}
               2014, Funchal, Madeira, Portugal, September 24-26, 2014. Proceedings},
  year      = {2014},
  pages     = {582--590},
  crossref  = {DBLP:conf/jelia/2014},
  url       = {http://dx.doi.org/10.1007/978-3-319-11558-0_41},
  doi       = {10.1007/978-3-319-11558-0_41},
  timestamp = {Mon, 22 Sep 2014 18:14:56 +0200},
  biburl    = {http://dblp.uni-trier.de/rec/bib/conf/jelia/SchwarzentruberH14},
  bibsource = {dblp computer science bibliography, http://dblp.org},
  abstract = {We describe a local search based approach and a software tool to approximate the problem of drawing Euler diagrams. Specifications are written using RCC-8-constraints and radius constraints. Euler diagrams are described as set of circles.}
}


























@inproceedings{DBLP:conf/wollic/ArecesDFS14,
  author    = {Carlos Areces and
               Hans P. van Ditmarsch and
               Raul Fervari and
               Fran{\c{c}}ois Schwarzentruber},
  title     = {Logics with Copy and Remove},
  booktitle = {Logic, Language, Information, and Computation - 21st International
               Workshop, WoLLIC 2014, Valpara{\'{\i}}so, Chile, September 1-4,
               2014. Proceedings},
  year      = {2014},
  pages     = {51--65},
  crossref  = {DBLP:conf/wollic/2014},
  url       = {http://dx.doi.org/10.1007/978-3-662-44145-9_4},
  doi       = {10.1007/978-3-662-44145-9_4},
  timestamp = {Mon, 22 Sep 2014 18:15:25 +0200},
  biburl    = {http://dblp.uni-trier.de/rec/bib/conf/wollic/ArecesDFS14},
  bibsource = {dblp computer science bibliography, http://dblp.org},
  abstract = {We propose a logic with the dynamic modal operators copy and remove. The copy operator replicates a given model, and the remove operator removes paths in a given model. We show that the product update by an action model (with Boolean pre-conditions) in dynamic epistemic logic decomposes in copy and remove operations. We also show that copy and remove operators (of path of length 1) can be expressed by action models. We investigate the complexity of the satisfiability problem of syntactic fragments of the logic with copy and remove operations.}
}





@inproceedings{DBLP:conf/aiml/EijckS14,
  author    = {Jan van Eijck and
               Fran{\c{c}}ois Schwarzentruber},
  title     = {Epistemic Probability Logic Simplified},
  booktitle = {Advances in Modal Logic 10, invited and contributed papers from the
               tenth conference on "Advances in Modal Logic," held in Groningen,
               The Netherlands, August 5-8, 2014},
  pages     = {158--177},
  year      = {2014},
  url       = {http://www.aiml.net/volumes/volume10/Eijck-Schwarzentruber.pdf},
  timestamp = {Wed, 24 Sep 2014 17:00:49 +0200},
  biburl    = {http://dblp.uni-trier.de/rec/bib/conf/aiml/EijckS14},
  bibsource = {dblp computer science bibliography, http://dblp.org},
  abstract = {We propose a simplified logic for reasoning about (multi-agent) epistemic
probability models, and for epistemic probabilistic model checking. 
Epistemic probability models are multi-agent Kripke models that assign
to each agent an equivalence relation on worlds, together with a 
function from worlds to positive rationals (a lottery). 
The difference with the usual approach is that probability
is linked to knowledge rather than belief, and that knowledge 
is equated with certainty. 

A first contribution of the paper is a comparison of a semantics for
epistemic probability in terms of models with multiple lotteries and
models with a single lottery. We give a proof that multiple lottery
models can always be replaced by single lottery models.  As multiple
lotteries represent multiple subjective probabilities, our result
connects subjective and intersubjective probability.

Next, we define an appropriate notion of bisimulation, and use it to
prove an adaptation of the Hennessy-Milner Theorem and to prove that
some finite multiple lottery models only have infinite single lottery
counterparts. We then prove completeness, and state results about
model checking complexity. In particular, we show the
PSPACE-completeness of the model checking in the dynamic version with
action models.

The logic is designed with model checking for epistemic probability
logic in mind; a prototype model checker for it exists.  This program
can be used to keep track of information flow about aleatory acts
among multiple agents.}
}





@article{DBLP:journals/corr/BalbianiHST14,
  author    = {Philippe Balbiani and
               Andreas Herzig and
               Fran{\c{c}}ois Schwarzentruber and
               Nicolas Troquard},
  title     = {{DL-PA} and {DCL-PC:} model checking and satisfiability problem are
               indeed in {PSPACE}},
  journal   = {CoRR},
  volume    = {abs/1411.7825},
  year      = {2014},
  url       = {http://arxiv.org/abs/1411.7825},
  timestamp = {Mon, 01 Dec 2014 14:32:13 +0100},
  biburl    = {http://dblp.uni-trier.de/rec/bib/journals/corr/BalbianiHST14},
  bibsource = {dblp computer science bibliography, http://dblp.org}
}








%2013




@article{DBLP:journals/igpl/BalbianiGS13,
  author    = {Philippe Balbiani and
               Olivier Gasquet and
               Fran{\c{c}}ois Schwarzentruber},
  title     = {Agents that look at one another},
  journal   = {Logic Journal of the {IGPL}},
  year      = {2013},
  volume    = {21},
  number    = {3},
  pages     = {438--467},
  url       = {http://dx.doi.org/10.1093/jigpal/jzs052},
  doi       = {10.1093/jigpal/jzs052},
  timestamp = {Tue, 23 Sep 2014 13:14:48 +0200},
  biburl    = {http://dblp.uni-trier.de/rec/bib/journals/igpl/BalbianiGS13},
  bibsource = {dblp computer science bibliography, http://dblp.org}
}



@inproceedings{DBLP:conf/lori/DitmarschHLS13,
  author    = {Hans P. van Ditmarsch and
               Andreas Herzig and
               Emiliano Lorini and
               Fran{\c{c}}ois Schwarzentruber},
  title     = {Listen to Me! Public Announcements to Agents That Pay Attention -
               or Not},
  booktitle = {Logic, Rationality, and Interaction - 4th International Workshop,
               {LORI} 2013, Hangzhou, China, October 9-12, 2013, Proceedings},
  year      = {2013},
  pages     = {96--109},
  crossref  = {DBLP:conf/lori/2013},
  url       = {http://dx.doi.org/10.1007/978-3-642-40948-6_8},
  doi       = {10.1007/978-3-642-40948-6_8},
  timestamp = {Tue, 23 Sep 2014 13:15:05 +0200},
  biburl    = {http://dblp.uni-trier.de/rec/bib/conf/lori/DitmarschHLS13},
  bibsource = {dblp computer science bibliography, http://dblp.org}
}






@incollection{DBLP:conf/dagstuhl/BroersenCEGGLPTTTS13,
  author    = {Jan Broersen and
               Stephen Cranefield and
               Yehia Elrakaiby and
               Dov M. Gabbay and
               Davide Grossi and
               Emiliano Lorini and
               Xavier Parent and
               Leendert W. N. van der Torre and
               Luca Tummolini and
               Paolo Turrini and
               Fran{\c{c}}ois Schwarzentruber},
  title     = {Normative Reasoning and Consequence},
  booktitle = {Normative Multi-Agent Systems},
  year      = {2013},
  pages     = {33--70},
  url       = {http://dx.doi.org/10.4230/DFU.Vol4.12111.33},
  doi       = {10.4230/DFU.Vol4.12111.33},
  timestamp = {Tue, 23 Sep 2014 13:15:22 +0200},
  biburl    = {http://dblp.uni-trier.de/rec/bib/conf/dagstuhl/BroersenCEGGLPTTTS13},
  bibsource = {dblp computer science bibliography, http://dblp.org}
}







@article{DBLP:journals/corr/AucherS13,
  author    = {Guillaume Aucher and
               Fran{\c{c}}ois Schwarzentruber},
  title     = {On the Complexity of Dynamic Epistemic Logic},
  journal   = {CoRR},
  year      = {2013},
  volume    = {abs/1310.6406},
  url       = {http://arxiv.org/abs/1310.6406},
  timestamp = {Tue, 23 Sep 2014 13:15:43 +0200},
  biburl    = {http://dblp.uni-trier.de/rec/bib/journals/corr/AucherS13},
  bibsource = {dblp computer science bibliography, http://dblp.org}
}





@article{DBLP:journals/corr/GrossiLS13,
  author    = {Davide Grossi and
               Emiliano Lorini and
               Fran{\c{c}}ois Schwarzentruber},
  title     = {Ceteris Paribus Structure in Logics of Game Forms},
  journal   = {CoRR},
  year      = {2013},
  volume    = {abs/1310.6416},
  url       = {http://arxiv.org/abs/1310.6416},
  timestamp = {Tue, 23 Sep 2014 13:16:01 +0200},
  biburl    = {http://dblp.uni-trier.de/rec/bib/journals/corr/GrossiLS13},
  bibsource = {dblp computer science bibliography, http://dblp.org}
}









%2012


@article{DBLP:journals/sLogica/Schwarzentruber12,
  author    = {Fran{\c{c}}ois Schwarzentruber},
  title     = {Complexity Results of {STIT} Fragments},
  journal   = {Studia Logica},
  year      = {2012},
  volume    = {100},
  number    = {5},
  pages     = {1001--1045},
  url       = {http://dx.doi.org/10.1007/s11225-012-9445-4},
  doi       = {10.1007/s11225-012-9445-4},
  timestamp = {Tue, 23 Sep 2014 13:16:13 +0200},
  biburl    = {http://dblp.uni-trier.de/rec/bib/journals/sLogica/Schwarzentruber12},
  bibsource = {dblp computer science bibliography, http://dblp.org}
}


@inproceedings{DBLP:conf/jelia/AucherMS12,
  author    = {Guillaume Aucher and
               Bastien Maubert and
               Fran{\c{c}}ois Schwarzentruber},
  title     = {Generalized DEL-Sequents},
  booktitle = {Logics in Artificial Intelligence - 13th European Conference, {JELIA}
               2012, Toulouse, France, September 26-28, 2012. Proceedings},
  year      = {2012},
  pages     = {54--66},
  crossref  = {DBLP:conf/jelia/2012},
  url       = {http://dx.doi.org/10.1007/978-3-642-33353-8_5},
  doi       = {10.1007/978-3-642-33353-8_5},
  timestamp = {Tue, 23 Sep 2014 13:16:26 +0200},
  biburl    = {http://dblp.uni-trier.de/rec/bib/conf/jelia/AucherMS12},
  bibsource = {dblp computer science bibliography, http://dblp.org}
}

@inproceedings{DBLP:conf/jelia/SchwarzentruberVR12,
  author    = {Fran{\c{c}}ois Schwarzentruber and
               Srdjan Vesic and
               Tjitze Rienstra},
  title     = {Building an Epistemic Logic for Argumentation},
  booktitle = {Logics in Artificial Intelligence - 13th European Conference, {JELIA}
               2012, Toulouse, France, September 26-28, 2012. Proceedings},
  year      = {2012},
  pages     = {359--371},
  crossref  = {DBLP:conf/jelia/2012},
  url       = {http://dx.doi.org/10.1007/978-3-642-33353-8_28},
  doi       = {10.1007/978-3-642-33353-8_28},
  timestamp = {Tue, 23 Sep 2014 13:16:42 +0200},
  biburl    = {http://dblp.uni-trier.de/rec/bib/conf/jelia/SchwarzentruberVR12},
  bibsource = {dblp computer science bibliography, http://dblp.org}
}











%2011



@article{DBLP:journals/ai/LoriniS11,
  author    = {Emiliano Lorini and
               Fran{\c{c}}ois Schwarzentruber},
  title     = {A logic for reasoning about counterfactual emotions},
  journal   = {Artif. Intell.},
  year      = {2011},
  volume    = {175},
  number    = {3-4},
  pages     = {814--847},
  url       = {http://dx.doi.org/10.1016/j.artint.2010.11.022},
  doi       = {10.1016/j.artint.2010.11.022},
  timestamp = {Tue, 23 Sep 2014 13:17:19 +0200},
  biburl    = {http://dblp.uni-trier.de/rec/bib/journals/ai/LoriniS11},
  bibsource = {dblp computer science bibliography, http://dblp.org}
}




@article{DBLP:journals/entcs/AucherMS11,
  author    = {Guillaume Aucher and
               Bastien Maubert and
               Fran{\c{c}}ois Schwarzentruber},
  title     = {Tableau Method and NEXPTIME-Completeness of DEL-Sequents},
  journal   = {Electr. Notes Theor. Comput. Sci.},
  year      = {2011},
  volume    = {278},
  pages     = {17--30},
  url       = {http://dx.doi.org/10.1016/j.entcs.2011.10.003},
  doi       = {10.1016/j.entcs.2011.10.003},
  timestamp = {Tue, 23 Sep 2014 13:17:31 +0200},
  biburl    = {http://dblp.uni-trier.de/rec/bib/journals/entcs/AucherMS11},
  bibsource = {dblp computer science bibliography, http://dblp.org}
}



@article{DBLP:journals/entcs/Schwarzentruber11,
  author    = {Fran{\c{c}}ois Schwarzentruber},
  title     = {LotrecScheme},
  journal   = {Electr. Notes Theor. Comput. Sci.},
  year      = {2011},
  volume    = {278},
  pages     = {187--199},
  url       = {http://dx.doi.org/10.1016/j.entcs.2011.10.015},
  doi       = {10.1016/j.entcs.2011.10.015},
  timestamp = {Tue, 23 Sep 2014 13:17:40 +0200},
  biburl    = {http://dblp.uni-trier.de/rec/bib/journals/entcs/Schwarzentruber11},
  bibsource = {dblp computer science bibliography, http://dblp.org}
}


@inproceedings{DBLP:conf/lori/Schwarzentruber11,
  author    = {Fran{\c{c}}ois Schwarzentruber},
  title     = {Seeing, Knowledge and Common Knowledge},
  booktitle = {Logic, Rationality, and Interaction - Third International Workshop,
               {LORI} 2011, Guangzhou, China, October 10-13, 2011. Proceedings},
  year      = {2011},
  pages     = {258--271},
  crossref  = {DBLP:conf/lori/2011},
  url       = {http://dx.doi.org/10.1007/978-3-642-24130-7_19},
  doi       = {10.1007/978-3-642-24130-7_19},
  timestamp = {Tue, 23 Sep 2014 13:17:51 +0200},
  biburl    = {http://dblp.uni-trier.de/rec/bib/conf/lori/Schwarzentruber11},
  bibsource = {dblp computer science bibliography, http://dblp.org}
}





@inproceedings{DBLP:conf/ticttl/GasquetS11,
  author    = {Olivier Gasquet and
               Fran{\c{c}}ois Schwarzentruber},
  title     = {Concrete Epistemic Modal Logic: Flatland},
  booktitle = {Tools for Teaching Logic - Third International Congress, {TICTTL}
               2011, Salamanca, Spain, June 1-4, 2011. Proceedings},
  year      = {2011},
  pages     = {70--76},
  crossref  = {DBLP:conf/ticttl/2011},
  url       = {http://dx.doi.org/10.1007/978-3-642-21350-2_9},
  doi       = {10.1007/978-3-642-21350-2_9},
  timestamp = {Tue, 23 Sep 2014 13:18:09 +0200},
  biburl    = {http://dblp.uni-trier.de/rec/bib/conf/ticttl/GasquetS11},
  bibsource = {dblp computer science bibliography, http://dblp.org}
}



@inproceedings{DBLP:conf/ticttl/GasquetSS11,
  author    = {Olivier Gasquet and
               Fran{\c{c}}ois Schwarzentruber and
               Martin Strecker},
  title     = {Satoulouse: The Computational Power of Propositional Logic Shown to
               Beginners},
  booktitle = {Tools for Teaching Logic - Third International Congress, {TICTTL}
               2011, Salamanca, Spain, June 1-4, 2011. Proceedings},
  year      = {2011},
  pages     = {77--84},
  crossref  = {DBLP:conf/ticttl/2011},
  url       = {http://dx.doi.org/10.1007/978-3-642-21350-2_10},
  doi       = {10.1007/978-3-642-21350-2_10},
  timestamp = {Tue, 23 Sep 2014 13:18:17 +0200},
  biburl    = {http://dblp.uni-trier.de/rec/bib/conf/ticttl/GasquetSS11},
  bibsource = {dblp computer science bibliography, http://dblp.org}
}


@inproceedings{DBLP:conf/ticttl/GasquetSS11a,
  author    = {Olivier Gasquet and
               Fran{\c{c}}ois Schwarzentruber and
               Martin Strecker},
  title     = {Panda: {A} Proof Assistant in Natural Deduction for All. {A} Gentzen
               Style Proof Assistant for Undergraduate Students},
  booktitle = {Tools for Teaching Logic - Third International Congress, {TICTTL}
               2011, Salamanca, Spain, June 1-4, 2011. Proceedings},
  year      = {2011},
  pages     = {85--92},
  crossref  = {DBLP:conf/ticttl/2011},
  url       = {http://dx.doi.org/10.1007/978-3-642-21350-2_11},
  doi       = {10.1007/978-3-642-21350-2_11},
  timestamp = {Tue, 23 Sep 2014 13:18:40 +0200},
  biburl    = {http://dblp.uni-trier.de/rec/bib/conf/ticttl/GasquetSS11a},
  bibsource = {dblp computer science bibliography, http://dblp.org}
}













%2010


@article{DBLP:journals/games/LoriniS10,
  author    = {Emiliano Lorini and
               Fran{\c{c}}ois Schwarzentruber},
  title     = {A Modal Logic of Epistemic Games},
  journal   = {Games},
  year      = {2010},
  volume    = {1},
  number    = {4},
  pages     = {478--526},
  url       = {http://dx.doi.org/10.3390/g1040478},
  doi       = {10.3390/g1040478},
  timestamp = {Tue, 23 Sep 2014 13:19:08 +0200},
  biburl    = {http://dblp.uni-trier.de/rec/bib/journals/games/LoriniS10},
  bibsource = {dblp computer science bibliography, http://dblp.org}
}


@inproceedings{DBLP:conf/atal/GasquetS10,
  author    = {Olivier Gasquet and
               Fran{\c{c}}ois Schwarzentruber},
  title     = {Knowledge in lineland},
  booktitle = {9th International Conference on Autonomous Agents and Multiagent Systems
               {(AAMAS} 2010), Toronto, Canada, May 10-14, 2010, Volume 1-3},
  year      = {2010},
  pages     = {1537--1538},
  crossref  = {DBLP:conf/atal/2010},
  url       = {http://doi.acm.org/10.1145/1838206.1838469},
  doi       = {10.1145/1838206.1838469},
  timestamp = {Tue, 23 Sep 2014 13:19:25 +0200},
  biburl    = {http://dblp.uni-trier.de/rec/bib/conf/atal/GasquetS10},
  bibsource = {dblp computer science bibliography, http://dblp.org}
}












%2009

@inproceedings{DBLP:conf/ijcai/LoriniS09,
  author    = {Emiliano Lorini and
               Fran{\c{c}}ois Schwarzentruber},
  title     = {A Logic for Reasoning about Counterfactual Emotions},
  booktitle = {{IJCAI} 2009, Proceedings of the 21st International Joint Conference
               on Artificial Intelligence, Pasadena, California, USA, July 11-17,
               2009},
  year      = {2009},
  pages     = {867--872},
  crossref  = {DBLP:conf/ijcai/2009},
  url       = {http://ijcai.org/papers09/Papers/IJCAI09-148.pdf},
  timestamp = {Tue, 23 Sep 2014 13:19:43 +0200},
  biburl    = {http://dblp.uni-trier.de/rec/bib/conf/ijcai/LoriniS09},
  bibsource = {dblp computer science bibliography, http://dblp.org}
}





@inproceedings{DBLP:conf/lori/LoriniSH09,
  author    = {Emiliano Lorini and
               Fran{\c{c}}ois Schwarzentruber and
               Andreas Herzig},
  title     = {Epistemic Games in Modal Logic: Joint Actions, Knowledge and Preferences
               All Together},
  booktitle = {Logic, Rationality, and Interaction, Second International Workshop,
               {LORI} 2009, Chongqing, China, October 8-11, 2009. Proceedings},
  year      = {2009},
  pages     = {212--226},
  crossref  = {DBLP:conf/lori/2009},
  url       = {http://dx.doi.org/10.1007/978-3-642-04893-7_17},
  doi       = {10.1007/978-3-642-04893-7_17},
  timestamp = {Tue, 23 Sep 2014 13:19:57 +0200},
  biburl    = {http://dblp.uni-trier.de/rec/bib/conf/lori/LoriniSH09},
  bibsource = {dblp computer science bibliography, http://dblp.org}
}






@inproceedings{DBLP:conf/mallow/Schwarzentruber09,
  author    = {Fran{\c{c}}ois Schwarzentruber},
  title     = {Knowledge about Lights along a Line},
  booktitle = {Proceedings of the Second Multi-Agent Logics, Languages, and Organisations
               Federated Workshops, Turin, Italy, September 7-10, 2009},
  year      = {2009},
  crossref  = {DBLP:conf/mallow/2009},
  url       = {http://ceur-ws.org/Vol-494/famaspaper4.pdf},
  timestamp = {Tue, 23 Sep 2014 13:20:22 +0200},
  biburl    = {http://dblp.uni-trier.de/rec/bib/conf/mallow/Schwarzentruber09},
  bibsource = {dblp computer science bibliography, http://dblp.org}
}







%2008

@inproceedings{DBLP:conf/aiml/HerzigS08,
  author    = {Andreas Herzig and
               Fran{\c{c}}ois Schwarzentruber},
  title     = {Properties of logics of individual and group agency},
  booktitle = {Advances in Modal Logic 7, papers from the seventh conference on "Advances
               in Modal Logic," held in Nancy, France, 9-12 September 2008},
  year      = {2008},
  pages     = {133--149},
  crossref  = {DBLP:conf/aiml/2008},
  url       = {http://www.aiml.net/volumes/volume7/Herzig-Schwarzentruber.pdf},
  timestamp = {Tue, 23 Sep 2014 13:20:34 +0200},
  biburl    = {http://dblp.uni-trier.de/rec/bib/conf/aiml/HerzigS08},
  bibsource = {dblp computer science bibliography, http://dblp.org}
}



@inproceedings{ijcai2018SmallUndecidableEpistemicPlanning,
	author    = {S\'ebastien L\^e Cong, Sophie Pinchinat, Fran{\c{c}}ois Schwarzentruber},
	title     = {Small undecidable problems in epistemic planning},
	booktitle = {Proceedings of the 27th International Joint Conference on Artificial Intelligence (IJCAI) and the 23rd European Conference on Artificial Intelligence (ECAI), Stockholm, 13-19 July
	2018},
	year      = {2018}
}





@article{DBLP:journals/corr/abs-1902-00506,
  author    = {Nolan Bard and
               Jakob N. Foerster and
               Sarath Chandar and
               Neil Burch and
               Marc Lanctot and
               Francis Song and
               Emilio Parisotto and
               Vincent Dumoulin and
               Subhodeep Moitra and
               Edward Hughes and
               Iain Dunning and
               Shibl Mourad and
               Hugo Larochelle and
               Marc G. Bellemare and
               Michael Bowling},
  title     = {The Hanabi Challenge: {A} New Frontier for {AI} Research},
  journal   = {CoRR},
  volume    = {abs/1902.00506},
  year      = {2019},
  url       = {http://arxiv.org/abs/1902.00506},
  archivePrefix = {arXiv},
  eprint    = {1902.00506},
  timestamp = {Fri, 01 Mar 2019 17:14:16 +0100},
  biburl    = {https://dblp.org/rec/bib/journals/corr/abs-1902-00506},
  bibsource = {dblp computer science bibliography, https://dblp.org}
}



@inproceedings{DBLP:conf/ijcai/HuLLPX18,
  author    = {Yue Hu and
               Juntao Li and
               Xi Li and
               Gang Pan and
               Mingliang Xu},
  title     = {Knowledge-Guided Agent-Tactic-Aware Learning for StarCraft Micromanagement},
  booktitle = {Proceedings of the Twenty-Seventh International Joint Conference on
               Artificial Intelligence, {IJCAI} 2018, July 13-19, 2018, Stockholm,
               Sweden.},
  pages     = {1471--1477},
  year      = {2018},
  url       = {https://doi.org/10.24963/ijcai.2018/204},
  doi       = {10.24963/ijcai.2018/204},
  timestamp = {Sat, 28 Jul 2018 14:39:21 +0200},
  biburl    = {https://dblp.org/rec/bib/conf/ijcai/HuLLPX18},
  bibsource = {dblp computer science bibliography, https://dblp.org}
}



@inproceedings{DBLP:conf/ijcai/Schwarzentruber18,
  author    = {Fran{\c{c}}ois Schwarzentruber},
  title     = {Hintikka's World: Agents with Higher-order Knowledge},
  booktitle = {Proceedings of the Twenty-Seventh International Joint Conference on
               Artificial Intelligence, {IJCAI} 2018, July 13-19, 2018, Stockholm,
               Sweden.},
  pages     = {5859--5861},
  year      = {2018},
  url       = {https://doi.org/10.24963/ijcai.2018/862},
  doi       = {10.24963/ijcai.2018/862},
  timestamp = {Sat, 28 Jul 2018 14:39:21 +0200},
  biburl    = {https://dblp.org/rec/bib/conf/ijcai/Schwarzentruber18},
  bibsource = {dblp computer science bibliography, https://dblp.org}
}




@article{DBLP:journals/tc/Bryant86,
  author    = {Randal E. Bryant},
  title     = {Graph-Based Algorithms for Boolean Function Manipulation},
  journal   = {{IEEE} Trans. Computers},
  volume    = {35},
  number    = {8},
  pages     = {677--691},
  year      = {1986},
  url       = {https://doi.org/10.1109/TC.1986.1676819},
  doi       = {10.1109/TC.1986.1676819},
  timestamp = {Wed, 14 Nov 2018 10:48:32 +0100},
  biburl    = {https://dblp.org/rec/bib/journals/tc/Bryant86},
  bibsource = {dblp computer science bibliography, https://dblp.org}
}


